1956 3074
116 1103 171 1143 10

118 1547 170 1588 15

113 1992 170 2033 20

113 2434 170 2477 25

205 88 313 141 142
834 89 1171 133 ΣΤοΙΧΕΙΩΝ
1202 85 1266 143 β’.

347 204 478 263 Ἐὰν
524 206 635 279 ἄρα
681 206 877 263 εὐθεῖα
915 205 1138 280 γραμμὴ
1179 210 1391 279 τμηθῇ,
1443 203 1518 272 ὥς
1564 211 1780 279 ἔτυχεν,
1827 209 1893 266 τὸ
1943 203 1956 281 ξ

201 294 445 367 τετράκις
481 292 591 351 ὑπὸ
639 299 735 366 τῆς
781 294 913 367 ὅλης
957 296 1050 351 καὶ
1099 294 1226 360 ἑνὸς
1262 299 1375 351 τῶν
1413 295 1712 367 τμημάτων
1749 317 1894 370 περι-

202 383 469 454 εχόμενον
509 380 867 456 ὀρθογώνιον
910 382 1043 455 μετὰ
1085 387 1183 440 τοῦ
1230 381 1338 440 ἀπὸ
1378 387 1480 439 τοῦ
1525 390 1728 441 λοιποῦ
1764 386 1895 458 τμή-

203 477 374 542 ματος
410 471 761 545 τετραγώνου
809 479 936 528 ἴσον
983 472 1097 527 ἐστὶ
1134 475 1211 549 τῷ
1250 470 1359 528 ἀπό
1399 495 1456 528 τε
1495 477 1591 545 τῆς
1631 473 1762 545 ὅλης
1799 475 1892 530 καὶ

202 564 304 616 τοῦ
359 563 656 634 εἰρημένου
708 560 988 631 τμήματος
1042 558 1116 625 ὡς
1170 558 1278 616 ἀπὸ
1328 564 1456 632 μιᾶς
1510 559 1892 634 ἀναγραφέντι

201 649 555 723 τετραγώνῳ·
598 647 732 719 ὅπερ
773 652 885 705 ἔδει
926 650 1114 715 δεῖξαι.

1005 810 1085 866 θ’.

310 911 456 970 Ἐἀν
526 911 761 971 εὐθεῖα
828 913 1088 988 γραμμὴ
1158 917 1376 989 τμηθῇ
1446 918 1539 982 εἰς
1608 922 1716 971 ἴσα
1784 917 1895 972 καὶ
1954 941 1956 945 ·

203 1001 429 1076 ἄνισα,
467 1002 534 1059 τὰ
575 1001 699 1060 ἀπὸ
740 1007 868 1061 τῶν
907 1002 1157 1060 ἀνίσων
1194 1007 1305 1075 τῆς
1346 1002 1499 1075 ὅλης
1539 1004 1891 1076 τμημάτων

202 1091 580 1164 τετράγωνα
628 1092 945 1149 διπλάσιά
992 1095 1128 1148 ἐστι
1177 1096 1293 1148 τοῦ
1332 1114 1397 1148 τε
1436 1090 1559 1148 ἀπὸ
1598 1095 1708 1164 τῆς
1747 1091 1893 1165 ἡμι-

203 1185 384 1247 σείας
421 1181 522 1236 καὶ
553 1185 670 1237 τοῦ
701 1178 823 1237 ἀπὸ
856 1185 968 1252 τῆς
999 1179 1236 1252 μεταξὺ
1267 1184 1394 1238 τῶν
1424 1185 1642 1253 τομῶν
1673 1202 1894 1254 τετρα-

202 1268 433 1339 γώνου.

315 1355 534 1414 Εὐθεῖα
572 1359 680 1431 γάρ
719 1381 801 1425 τις
838 1357 1007 1430 ἡΑΒ
1031 1366 1324 1430 τετμησθω
1365 1363 1442 1426 εἰς
1481 1359 1582 1431 μὲν
1624 1367 1717 1415 ἴσα
1755 1360 1892 1415 κατὰ
1952 1368 1956 1373 ’

201 1444 263 1502 τὸ
295 1451 360 1518 Γ,
402 1450 480 1513 εἰς
512 1447 574 1503 δὲ
605 1446 774 1504 ἄνισα
812 1446 949 1503 κατὰ
989 1447 1052 1504 τὸ
1088 1455 1167 1503 A·
1208 1449 1367 1519 λέγω,
1408 1446 1493 1504 ὅτι
1532 1448 1598 1503 τὰ
1640 1446 1748 1505 ἀπὸ
1780 1452 1896 1505 τῶν

203 1541 257 1590 A
267 1541 339 1605 A,
375 1542 485 1591 ΔΒ
515 1536 836 1609 τετράγωνα
877 1536 1138 1593 διπλάσιά
1181 1538 1295 1593 ἐστι
1334 1541 1449 1593 τῶν
1481 1535 1589 1593 ἀπὸ
1623 1541 1736 1594 τῶν
1770 1543 1894 1607 ΑΓ,

202 1629 308 1680 ΓΔ
345 1627 723 1698 τετραγώνων.

300 1713 497 1786 ’Ήχθω
536 1713 643 1787 γὰρ
683 1712 792 1770 ἀπὸ
832 1718 935 1771 τοῦ
973 1720 1026 1771 Γ
1057 1718 1122 1788 τῇ
1162 1721 1272 1771 ΑΒ
1307 1715 1446 1787 πρὸς
1485 1713 1666 1787 ὀρθὰς
1703 1712 1737 1786 ἡ
1771 1720 1893 1786 ΓΕ,

201 1801 293 1857 καὶ
331 1807 540 1859 κείσθω
582 1810 673 1874 ἴση
715 1803 944 1878 ἑκατέρᾳ
981 1807 1095 1860 τῶν
1135 1808 1266 1874 ΑΓ,
1322 1809 1449 1873 ΓΒ,
1503 1803 1595 1858 καὶ
1650 1803 1892 1875 ἐπεζεύχ-

201 1898 400 1947 θωσαν
434 1894 495 1946 αἱ
527 1898 663 1962 ΕΑ,
705 1897 828 1961 ΕΒ,
866 1892 958 1947 καὶ
999 1890 1092 1948 διὰ
1132 1891 1234 1963 μὲν
1272 1895 1374 1948 τοῦ
1414 1899 1469 1946 Δ
1506 1894 1571 1965 τῇ
1613 1896 1722 1946 ΕΓ
1754 1911 1890 1965 παρ-

202 1978 443 2051 άλληλος
486 1978 646 2052 ἤχθω
693 1977 728 2051 ἡ
771 1986 906 2052 ΔΖ,
962 1979 1055 2037 διὰ
1104 1981 1167 2037 δὲ
1204 1983 1306 2037 τοῦ
1346 1986 1391 2035 Ζ
1429 1983 1494 2054 τῇ
1535 1986 1644 2035 ΑΒ
1687 1978 1719 2051 ἡ
1763 1986 1891 2052 ΖΗ,

201 2069 293 2124 καὶ
350 2069 660 2141 ἐπεζεύχθω
706 2067 741 2141 ἡ
782 2076 903 2125 ΑΖ.
980 2068 1072 2125 καὶ
1120 2069 1235 2126 ἐπεὶ
1284 2077 1374 2141 ἴση
1417 2069 1567 2125 ἐστὶν
1605 2066 1640 2140 ἡ
1681 2074 1796 2124 ΛΓ
1826 2072 1892 2143 τῇ

202 2161 330 2227 ΓΕ,
378 2163 470 2229 ἴση
519 2158 633 2214 ἐστὶ
678 2158 771 2213 καὶ
810 2155 845 2230 ἡ
886 2155 994 2214 ὑπὸ
1036 2163 1207 2214 ΕΑΓ
1238 2161 1416 2229 γωνία
1455 2160 1521 2230 τῇ
1562 2153 1672 2212 ὑπὸ
1713 2162 1892 2213 ΑΕΓ.

201 2245 293 2301 καὶ
335 2246 450 2302 ἐπεὶ
489 2244 637 2320 ὀρθή
678 2249 828 2303 ἐστιν
867 2245 902 2319 ἡ
942 2247 1081 2318 πρὸς
1117 2249 1193 2323 τῷ
1227 2250 1290 2318 Γ,
1330 2246 1518 2302 λοιπαὶ
1554 2243 1663 2319 ἄρα
1694 2249 1757 2301 αἰ
1781 2244 1890 2302 ὑπὸ

203 2339 385 2406 ΕΑΓ,
425 2339 598 2391 ΑΕΓ
622 2337 720 2409 μιᾷ
761 2332 909 2409 ὀρθῇ
943 2343 1058 2391 ἴσαι
1091 2338 1256 2391 εἰσίν·
1294 2339 1393 2390 καί
1419 2338 1562 2390 εἰσιν
1595 2340 1731 2389 ἴσαι·
1771 2331 1892 2406 ἡμί-

203 2437 324 2478 σεια
364 2421 473 2496 ἄρα
512 2421 691 2496 ὀρθῆς
730 2424 879 2479 ἐστιν
919 2423 1148 2496 ἑκατέρα
1185 2425 1298 2479 τῶν
1336 2420 1445 2479 ὑπὸ
1488 2427 1669 2492 ΓΕΑ,
1717 2426 1894 2480 ΓΑΕ.

325 2591 362 2631 1.
397 2582 547 2632 ἔάν”
515 2603 610 2642 αρα
634 2611 691 2619 -
717 2591 757 2632 6.
790 2583 1085 2645 τετραγώνῳ]
1119 2600 1209 2631 om.
1233 2601 1278 2643 p.
1374 2591 1411 2630 1.
1432 2583 1564 2643 ἔτυχε
1597 2584 1653 2629 V.
1686 2589 1891 2698 &Bag

202 2642 383 2749 EgssmF]
418 2660 510 2703 mg
501 2645 936 2762 ὃῖῃπίοἵιρημένόζν
959 2632 1061 2750 §gd
1057 2662 1084 2689 ν
1114 2645 1188 2749 F9.
1223 2640 1568 2777 εἰςᾶΞΖιέοῗ]Ρῒε
1602 2639 1891 2747 απ160.ἐσιῖν

201 2763 302 2809 FV.
454 2764 524 2822 τε]
556 2764 723 2821 posfiea
753 2764 856 2809 add
888 2778 947 2810 m.
966 2769 992 2808 2
1025 2762 1070 2808 F.
1211 2758 1448 2835 ἡμισείας]
1481 2777 1594 2807 corr.
1629 2775 1685 2807 ex
1716 2757 1892 2818 μεταξύ

203 2838 263 2867 m.
291 2829 317 2868 2
350 2823 400 2868 F.
526 2829 593 2868 11.
627 2822 709 2868 καὶ
740 2824 823 2868 τοῦ
857 2818 953 2868 ἀπὸ
986 2818 1070 2895 τῆς
1099 2819 1296 2893 μεταξύ]
1330 2836 1420 2867 om.
1454 2821 1509 2877 F;
1544 2835 1658 2866 corr.
1690 2835 1751 2867 m.
1782 2835 1890 2877 rec„

202 2882 284 2926 sed
315 2896 449 2927 enan.
574 2887 643 2929 15.
677 2879 802 2928 ἔστιν
833 2882 888 2927 V.
1019 2878 1115 2926 ἀπὸ
1147 2881 1261 2941 τῶν]
1298 2895 1387 2927 om.
1420 2881 1469 2927 F.
1593 2885 1662 2926 18.
1694 2880 1808 2939 τῶν]
1840 2879 1891 2923 in
