1956 3074
127 72 191 113 VI
782 69 1130 111 PRAEFATIO.

128 189 208 242 ita
248 191 493 258 egerunt,
541 192 602 241 ut
648 191 829 240 textus
873 187 1257 239 elementorum
1298 186 1428 238 satis
1464 188 1614 239 'certo
1655 189 1708 238 et
1747 186 1815 238 ad

131 295 289 329 usum
328 278 581 344 prompto
620 276 972 328 fundamento
1012 274 1115 325 niti
1145 273 1318 326 uideri
1348 273 1539 341 possit.
1588 273 1651 326 de
1685 277 1820 326 cete-

129 365 204 417 ris
255 364 471 432 scriptis
521 362 763 416 Euclidis
813 363 987 415 multo
1041 362 1202 414 etiam
1255 361 1407 429 peius
1459 365 1638 415 actum
1691 379 1820 431 esse,

133 452 265 506 satis
307 454 535 505 constat.

246 539 392 602 Quae
440 557 559 591 cum
610 557 641 590 a
679 538 868 589 multis
908 537 1152 605 intellegi
1191 536 1452 605 uiderem,
1511 536 1822 590 Archimedi

130 627 415 680 Euclidem
468 627 756 696 adiungere
818 625 1098 693 constitui,
1154 628 1208 677 et
1257 627 1317 676 ut
1366 624 1514 676 hunc
1565 626 1822 693 laborem,

133 733 291 784 quem
345 716 456 767 iam
512 714 602 766 diu
658 714 839 766 animo
894 712 1206 782 uoluebam,
1258 712 1476 765 tandem
1534 713 1820 782 aliquando

135 803 484 872 susciperem,
524 819 584 854 eo
626 801 800 870 magis
841 800 1183 868 impellebar,
1223 800 1360 869 quod
1400 799 1687 852 editionem
1727 800 1824 853 Ar-

135 890 393 945 chimedis
436 890 504 942 ab
543 889 854 942 hominibus
897 888 1069 941 doctis
1110 888 1491 940 beneuolenter
1530 888 1731 958 adcipi,
1772 893 1826 942 et

135 979 426 1048 erroribuS,
465 995 599 1047 quos
639 978 696 1029 in
733 976 988 1045 primitiis
1020 976 1127 1028 illis
1159 977 1333 1029 uitare
1365 994 1476 1029 non
1507 978 1824 1046 potuissem,

131 1067 400 1138 indulgeri
446 1067 718 1135 uidebam,
775 1068 828 1117 et
874 1083 974 1118 usu
1021 1065 1271 1118 edoctum
1318 1083 1403 1118 me
1450 1066 1559 1118 iam
1598 1065 1825 1118 meliora

131 1159 407 1226 praestare
447 1172 609 1223 posse
651 1154 952 1223 sperabam.

246 1242 350 1297 Sed
390 1243 575 1296 statim
617 1242 892 1312 apparuit,
931 1259 1104 1311 neque
1143 1258 1229 1294 res
1268 1242 1612 1310 rationesque
1652 1259 1826 1311 neque

131 1334 274 1387 uires
314 1350 460 1385 meas
500 1332 604 1385 toti
644 1332 815 1401 operi,
864 1330 1007 1400 quod
1046 1330 1179 1382 mihi
1217 1348 1629 1399 proposueram,
1679 1330 1827 1383 suffi-

134 1439 265 1475 cere,
313 1424 399 1474 tot
439 1420 649 1474 codices
684 1419 991 1473 conferendi
1024 1421 1192 1488 erant,
1230 1421 1314 1471 tot
1346 1418 1706 1472 bibliothecae
1738 1419 1827 1471 iti-

131 1510 351 1563 neribus
391 1508 703 1578 longinquis
747 1507 1036 1560 adeundae.
1088 1507 1271 1575 itaque
1296 1506 1593 1560 Henricum
1617 1507 1827 1577 Menge‚

132 1618 182 1653 u,
225 1599 297 1668 d.‚
353 1614 508 1667 quem
555 1597 792 1649 sciebam
834 1598 887 1648 et
926 1596 1103 1664 ipsum
1143 1596 1200 1647 in
1239 1593 1464 1648 Euclide
1505 1599 1828 1664 occupatum

135 1705 275 1757 esse,
328 1685 686 1756 interrogaui,
746 1685 983 1738 uelletne
1039 1686 1252 1754 partem
1308 1684 1486 1751 operis
1544 1685 1827 1753 suscipere.

136 1776 341 1844 adnuit,
381 1778 435 1827 et
473 1775 551 1827 ita
588 1775 734 1826 inter
771 1791 871 1826 nos
911 1775 1286 1841 comparatum
1320 1775 1416 1841 est,
1455 1775 1517 1824 ut
1547 1773 1638 1825 ille
1670 1773 1828 1837 Data,

134 1865 535 1933 Phaenomena,
593 1862 794 1931 scripta
833 1861 1062 1930 musica,
1124 1876 1225 1929 ego
1264 1859 1572 1929 Elementa,
1620 1861 1830 1931 Optica,

137 1951 450 2021 Oatoptrica
491 1951 716 2019 ederem,
759 1953 813 2002 et
852 1952 914 2002 ut
945 1949 1153 2002 codices
1189 1949 1478 2002 coniuncta
1510 1967 1675 2018 opera
1706 1967 1828 2003 con-

135 2041 410 2094 ferremus,
465 2040 557 2093 sed
598 2040 673 2093 sic
715 2056 923 2107 quoque
963 2038 1020 2089 in
1060 2034 1340 2090 elementis
1381 2054 1409 2088 e
1441 2054 1643 2107 magna
1675 2039 1829 2107 copia

138 2129 499 2184 subsidiorum
537 2145 711 2198 pauca
753 2126 952 2196 eligere
994 2129 1210 2179 coactus
1245 2144 1377 2178 sum.
1424 2143 1552 2179 nam
1586 2143 1706 2179 cum
1737 2126 1829 2179 uix

135 2217 251 2271 ulla
300 2219 371 2271 sit
418 2218 642 2271 minima
689 2215 1048 2280 bibliotheca,
1105 2215 1161 2267 in
1209 2233 1314 2284 qua
1359 2233 1469 2268 non
1516 2215 1831 2268 adseruetur

138 2306 303 2360 codex
342 2306 537 2376 aliquis
578 2306 984 2371 elementorum,
1023 2303 1149 2355 inde
1191 2303 1258 2355 ab
1289 2303 1448 2356 initio
1481 2303 1545 2356 de
1578 2303 1827 2356 omnibus

138 2395 413 2449 codicibus
454 2392 791 2448 conferendis
840 2394 935 2445 aut
973 2394 1117 2445 certe
1155 2391 1503 2460 inspiciendis
1545 2392 1829 2460 desperan-

138 2484 265 2537 dum
306 2487 436 2536 erat.
489 2482 686 2536 uellem
726 2480 972 2550 equidem
1005 2479 1249 2532 licuisset
1278 2479 1524 2548 pluribus
1556 2479 1828 2534 codicibus

137 2573 239 2641 uti,
290 2571 382 2625 sed
429 2574 492 2624 ut
532 2571 712 2640 aliquo
751 2572 936 2621 tamen
974 2568 1134 2621 modo
1175 2568 1386 2636 paucis,
1434 2585 1568 2637 quos
1609 2569 1828 2637 contuli,

140 2660 380 2714 contenti
420 2677 536 2713 esse
575 2658 867 2729 possimus,
913 2657 1044 2709 facit
1084 2659 1138 2708 et
1178 2656 1467 2726 singularis
1507 2657 1671 2726 ratio,
1722 2675 1830 2725 qua

138 2749 300 2802 nobis
346 2748 552 2801 tradita
599 2749 725 2800 sunt
770 2746 1038 2798 elementa
1075 2743 1343 2814 Euclidis,
1398 2747 1452 2797 et
1496 2746 1738 2796 uetustas
1777 2747 1831 2796 et

139 2838 355 2891 bonitas
395 2836 639 2890 codicum
681 2854 712 2888 a
743 2852 828 2887 me
867 2837 1262 2904 usurpatorum.
1313 2850 1441 2886 nam
1475 2833 1605 2885 satis
1637 2835 1828 2885 notum
