1956 3074
183 115 290 168 150
810 120 1148 163 ΣΤοῙΧΕῙῼΝ
1182 116 1246 178 β’.

176 236 243 308 τῇ
283 241 386 290 ΕΖ
427 237 578 291 ἐστιν
619 243 725 308 ἴση.
773 236 867 292 καὶ
907 238 1022 293 ἐπεὶ
1065 238 1176 312 [ἴση
1218 239 1370 295 ἐστὶν
1409 237 1443 311 ἡ
1484 245 1595 296 ΕΓ
1626 244 1691 314 τῇ
1732 246 1873 312 ΓΑ,]

177 331 304 379 ἴσον
352 324 467 380 ἐστὶ
516 326 652 395 [καὶ]
701 324 765 382 τὸ
815 324 924 382 ἀπὸ
973 331 1070 399 τῆς
1109 334 1220 384 ΕΓ
1258 329 1611 403 τετράγωνον
1647 333 1724 405 τῷ
1765 328 1872 386 ἀπὸ

174 415 272 484 τῆς
311 418 412 469 TA
449 414 807 490 τετραγώνῳ·
846 414 914 470 τὰ
955 414 1065 489 ἄρα
1102 415 1211 473 ἀπὸ
1253 421 1367 474 τῶν
1395 424 1510 490 ΕΓ,
1550 424 1602 474 T
1605 426 1657 474 A
1687 417 1875 490 τετρά-

174 524 331 572 γωνα
386 503 652 559 διπλάσιά
708 506 822 560 ἐστι
883 508 985 560 τοῦ
1043 503 1152 560 ἀπὸ
1204 509 1302 576 τῆς
1354 512 1455 562 TA
1507 506 1876 579 τετραγώνου.

116 603 142 643 5
174 601 291 656 τοῖς
330 591 392 647 δὲ
431 589 538 648 ἀπὸ
580 595 695 649 τῶν
728 598 860 663 ΕΓ,
900 598 1001 648 ΓΑ
1033 601 1159 649 ἴσον
1200 595 1313 650 ἐστὶ
1352 594 1415 651 τὸ
1457 594 1566 651 ἀπὸ
1605 599 1701 668 τῆς
1740 603 1872 651 ΕΑ·

171 676 235 733 τὸ
284 677 396 751 ἄρα
442 677 551 736 ἀπὸ
599 684 698 752 τῆς
738 688 850 737 EA
886 684 1241 754 τετράγωνον
1282 683 1580 741 διπλάσιόν
1620 687 1733 740 ἐστι
1773 687 1874 740 τοῦ

173 764 282 822 ἀπὸ
328 770 426 837 τῆς
472 775 588 824 AT
634 770 1001 843 τετραγώνου.
1078 771 1274 843 πάλιν,
1330 774 1445 829 ἐπεὶ
1493 781 1585 845 ἴση
1640 773 1793 829 ἐστὶν
1839 772 1873 845 ἡ

172 861 293 910 ΖΗ
330 860 397 929 τῇ
443 863 574 929 ΕΖ,
624 866 749 914 ἴσον
800 857 914 914 ἐστὶ
960 860 1052 915 καὶ
1102 859 1166 917 τὸ
1213 859 1322 918 ἀπὸ
1363 866 1461 933 τῆς
1499 868 1618 917 ΖΗ
1648 866 1725 939 τῷ
1765 861 1872 919 ἀπὸ

169 947 267 1015 τῆς
306 950 437 1000 ΖΕ·
507 945 573 1002 τὰ
624 946 735 1019 ἄρα
781 945 888 1004 ἀπὸ
939 951 1052 1005 τῶν
1094 955 1230 1019 ΗΖ,
1291 956 1398 1006 ΖΕ
1441 950 1706 1007 διπλάσιά
1759 954 1872 1007 ἐστι

85 1047 139 1087 10
171 1037 272 1089 τοῦ
318 1031 428 1091 ἀπὸ
475 1038 574 1106 τῆς
620 1042 740 1092 ΕΖ.
817 1049 934 1103 τοῖς
981 1037 1043 1093 δὲ
1089 1035 1198 1094 ἀπὸ
1253 1042 1366 1095 τῶν
1406 1046 1545 1111 ΗΖ,
1603 1046 1710 1095 ΖΕ
1746 1047 1872 1096 ἴσον

171 1123 287 1179 ἐστὶ
324 1122 387 1180 τὸ
430 1121 537 1180 ἀπὸ
576 1128 674 1196 τῆς
707 1124 850 1180 ΕΗ·
894 1127 956 1182 τὸ
999 1125 1109 1199 ἄρα
1147 1125 1256 1184 ἀπὸ
1297 1131 1394 1200 τῆς
1427 1135 1542 1183 ΕΗ
1573 1128 1873 1185 διπλάσιόν

171 1214 285 1268 ἐστι
323 1216 426 1268 τοῦ
466 1210 576 1269 ἀπὸ
617 1218 716 1286 τῆς
754 1220 872 1270 ΕΖ.
936 1221 1028 1287 ἴση
1069 1215 1131 1271 δὲ
1170 1214 1204 1287 ἡ
1246 1223 1350 1272 ΕΖ
1388 1220 1458 1290 τῇ
1490 1223 1622 1272 TA·
1661 1215 1722 1273 τὸ
1761 1216 1872 1288 ἄρα

170 1297 278 1356 ἀπὸ
319 1305 415 1373 τῆς
449 1307 572 1357 ΕΗ
602 1301 957 1374 τετράγωνον
999 1304 1297 1361 διπλάσιόν
1337 1308 1451 1361 ἐστι
1490 1310 1591 1361 τοῦ
1631 1303 1741 1361 ἀπὸ
1775 1309 1873 1377 τῆς

169 1394 287 1445 TA.
366 1392 593 1462 ἐδείχθη
646 1390 708 1446 δὲ
757 1391 850 1446 καὶ
888 1391 952 1448 τὸ
994 1391 1102 1449 ἀπὸ
1143 1397 1241 1465 τῆς
1279 1400 1389 1449 ΕΑ
1430 1393 1727 1450 διπλάσιον
1766 1397 1869 1450 τοῦ

83 1492 136 1531 15
170 1477 276 1534 ἀπὸ
315 1481 412 1549 τῆς
451 1484 587 1535 AT·
649 1479 715 1535 τὰ
764 1479 875 1553 ἄρα
915 1478 1021 1537 ἀπὸ
1061 1485 1175 1538 τῶν
1216 1488 1352 1552 ΑΕ,
1400 1486 1522 1542 ΕΗ
1551 1482 1871 1555 τετράγωνα

170 1567 433 1623 διπλάσιά
491 1570 604 1624 ἐστι
662 1572 777 1625 τῶν
823 1568 933 1626 ἀπὸ
973 1572 1086 1626 τῶν
1145 1576 1274 1642 ΑΓ,
1332 1576 1437 1627 ΓΔ
1489 1571 1869 1645 τετραγώνων.

166 1668 283 1722 τοῖς
323 1656 385 1712 δὲ
424 1655 534 1713 ἀπὸ
576 1661 690 1713 τῶν
731 1664 866 1730 ΑΕ,
916 1665 1031 1714 ΕΗ
1076 1658 1445 1733 τετραγώνοις
1484 1667 1611 1716 ἴσον
1652 1660 1765 1717 ἐστὶ
1805 1660 1868 1716 τὸ

167 1743 277 1801 ἀπὸ
325 1748 423 1816 τῆς
461 1752 516 1801 Α
528 1751 584 1801 Η
629 1746 1012 1817 τετράγωνον·
1082 1747 1144 1804 τὸ
1195 1746 1307 1820 ἄρα
1346 1746 1454 1804 ἀπὸ
1494 1752 1591 1820 τῆς
1629 1755 1756 1805 ΑΗ
1788 1753 1868 1805 ὃι-

166 1833 405 1891 πλάσιόν
446 1837 558 1891 ἐστι
598 1839 713 1892 τῶν
753 1833 863 1892 ἀπὸ
903 1841 1018 1893 τῶν
1057 1842 1182 1909 ΑΓ,
1222 1841 1340 1893 ΓΔ.
1406 1841 1482 1914 τῷ
1524 1837 1586 1893 δὲ
1625 1835 1734 1894 ἀπὸ
1774 1842 1870 1909 τῆς

78 1937 134 1976 20
167 1929 298 1981 ΑΗ
343 1931 436 1979 ἶσα
492 1925 606 1980 ἐστὶ
654 1923 720 1980 τὰ
768 1923 878 1981 ἀπὸ
926 1929 1039 1982 τῶν
1079 1934 1224 1997 ΑΔ,
1280 1933 1430 1983 ΔΗ·
1499 1926 1567 1982 τὰ
1606 1925 1717 1998 ἄρα
1756 1925 1865 1983 ἀπὸ

164 2015 278 2067 τῶν
326 2019 470 2083 ΑΔ,
527 2020 651 2070 ΔΗ
700 2012 1064 2085 [τετράγωνα]
1122 2014 1387 2070 διπλάσιά
1435 2016 1547 2071 ἐστι
1596 2020 1709 2071 τῶν
1756 2014 1866 2071 ἀπὸ

164 2103 278 2156 τῶν
322 2105 454 2171 ΑΓ,
503 2107 609 2156 TA
648 2101 1077 2174 [τετραγώνων].
1156 2110 1246 2175 ἴση
1289 2103 1351 2159 δὲ
1389 2101 1423 2175 ἡ
1467 2110 1588 2159 AH
1624 2108 1689 2177 τῇ
1732 2110 1868 2160 AB·

163 2185 231 2244 τὰ
272 2186 382 2261 ἄρα
422 2187 531 2245 ἀπὸ
573 2193 686 2245 τῶν
720 2198 772 2246 A
784 2197 863 2261 A,
887 2197 998 2247 ΔΒ
1041 2192 1403 2265 [τετράγωνα]
1448 2192 1712 2249 διπλάσιά
1752 2195 1866 2249 ἐστι

163 2279 277 2332 τῶν
317 2275 427 2333 ἀπὸ
470 2281 584 2333 τῶν
626 2283 750 2348 ΑΓ,
790 2284 903 2334 TA
940 2280 1322 2352 τετραγώνων.

76 2381 133 2421 25
274 2364 403 2422 Ἐὰν
443 2365 553 2439 ἄρα
585 2365 782 2423 εὐθεῖα
812 2367 1036 2441 γραμμὴ
1069 2374 1256 2442 τμηθῇ
1292 2374 1438 2442 δίχα,
1478 2375 1760 2444 προστεθῇ
1803 2372 1870 2427 δέ

164 2477 246 2520 τις
296 2451 436 2528 αὐτῇ
485 2454 681 2512 εὐθεῖα
730 2456 812 2512 ἐπ’
868 2455 1118 2528 εὐθείας,
1175 2457 1237 2514 τὸ
1294 2457 1403 2514 ἀπὸ
1449 2462 1547 2530 τῆς
1586 2458 1718 2531 ὅλης
1757 2458 1864 2516 σὺν

164 2547 228 2617 τῇ
270 2546 638 2619 προσκειμένῃ
679 2546 771 2601 καὶ
810 2543 874 2601 τὸ
914 2544 1022 2601 ἀπὸ
1061 2550 1159 2618 τῆς
1198 2547 1598 2619 προσκειμένης
1635 2546 1700 2603 τὰ
1735 2564 1863 2604 συν·

132 2632 453 2706 ἀμφότερα
499 2634 819 2707 τετράγωνα
869 2634 1136 2691 διπλάσιά
1185 2639 1298 2692 ἐστι
1351 2640 1452 2692 τοῦ
1508 2658 1565 2692 τε
1619 2635 1726 2692 ἀπὸ
1767 2640 1866 2708 τῆς

290 2801 327 2841 1.
370 2797 475 2854 ΕΖ]
514 2798 596 2839 ΖΕ
630 2797 687 2851 Ρ;
739 2799 831 2840 ΖΗ
867 2812 898 2854 p
931 2800 979 2842 eh
1009 2798 1047 2841 F
1078 2803 1198 2844 m.2.
1353 2800 1427 2855 ἴση
1462 2795 1587 2844 ἐστὶν
1622 2796 1650 2854 ἡ
1684 2801 1780 2842 ΕΓ
1806 2799 1860 2857 τῇ
1951 2795 1956 2800 ’

170 2855 270 2958 TA}
301 2869 392 2899 om,
424 2855 473 2900 P.
612 2856 730 2914 ET]
764 2858 856 2900 AT
882 2872 926 2913 p.
1066 2858 1161 2926 TA]
1194 2857 1246 2900 in
1276 2871 1366 2902 ras.
1398 2863 1504 2903 m.2
1537 2857 1600 2911 V;
1635 2860 1725 2926 ΓΕ
1755 2874 1800 2915 p.

171 2919 212 2958 2.
275 2916 374 2957 στίν
405 2914 461 2959 V.
600 2915 707 2973 καί]
742 2929 831 2961 om.
863 2916 913 2960 P.
1036 2917 1137 2976 της]
1173 2931 1261 2961 om.
1295 2918 1344 2962 P.
1470 2917 1586 2975 ET]
1621 2919 1662 2960 E
1692 2932 1741 2961 1n
1772 2930 1861 2962 ras.
