1956 3074
182 102 290 154 212
797 102 1134 146 mommsen
1164 99 1225 159 γ’.

180 222 445 277 ἐλάττονα
486 220 548 278 δὲ
586 225 683 293 τῆς
721 222 1112 294 περιεχομένης
1149 219 1260 278 ὑπό
1298 242 1357 276 τε
1394 225 1492 292 τῆς
1529 225 1692 277 ΓΘΑ
1723 241 1872 292 περι-

179 315 405 382 φερείας
459 311 552 366 καὶ
605 314 702 382 τῆς
753 317 868 366 ΑΕ
918 308 1157 376 εὐθείας.
1243 308 1312 366 οὐ
1371 315 1732 382 παρεμπίπτει
1788 312 1873 367 δέ·

182 397 287 454 οὐκ
341 397 452 471 ἄρα
501 403 599 471 τῆς
651 400 1045 472 περιεχομένης
1096 402 1305 469 γωνίας
1356 396 1468 455 ὑπό
1514 421 1572 454 τε
1616 403 1713 471 τῆς
1762 406 1872 455 ΒΑ

180 484 408 554 εὐθείας
444 489 536 543 καὶ
575 491 672 560 τῆς
710 493 874 544 ΓΘΑ
903 493 1256 560 περιφερείας
1294 491 1445 543 ἔσται
1484 493 1684 559 μείζων
1723 486 1873 554 ὀξεῖα

117 588 146 627 5
179 573 288 633 ὑπὸ
321 575 566 633 εὐθειῶν
598 577 979 649 περιεχομένη,
1020 574 1155 632 οὐδὲ
1185 574 1298 647 μὴν
1330 575 1573 632 ἐλάττων
1604 580 1702 648 τῆς
1727 596 1873 647 περι-

179 665 445 736 εχομένης
488 663 599 721 ὑπό
646 687 704 722 τε
753 668 847 736 τῆς
892 670 1055 721 ΓΘΑ
1100 669 1451 736 περιφερείας
1496 665 1588 720 καὶ
1628 669 1725 738 τῆς
1764 673 1877 722 ΑΕ

179 751 420 820 εὐθείας.

864 901 1186 974 Πόρισμα.

285 1002 375 1060 Ἐκ
430 1003 499 1078 δὴ
549 1005 753 1062 τούτου
799 1006 1081 1078 φανερόν,
1138 1004 1222 1062 ὅτι
1269 1003 1303 1078 ἡ
1351 1008 1416 1079 τῇ
1459 1006 1732 1081 διαμέτρῳ
1773 1008 1875 1062 τοῦ

90 1106 144 1146 10
175 1093 387 1150 κύκλου
441 1094 580 1167 πρὸς
635 1092 814 1167 ὀρθὰς
868 1093 961 1150 ἀπ’
1021 1094 1194 1168 ἄκρας
1264 1093 1510 1166 ἀγομένη
1575 1094 1874 1166 ἐφάπτεται

174 1186 277 1239 τοῦ
330 1183 541 1240 κύκλου
593 1184 706 1253 [καὶ
766 1181 852 1239 ὅτι
900 1183 1097 1240 εὐθεῖα
1143 1184 1355 1240 κύκλου
1401 1181 1532 1240 καθ’
1586 1186 1647 1239 ἓν
1694 1183 1873 1255 μόνον

176 1271 474 1344 ἐφάπτεται
522 1284 779 1345 σημεῖον,
829 1273 1124 1346 ἐπειδήπερ
1171 1274 1263 1328 καὶ
1311 1271 1344 1345 ἡ
1396 1271 1534 1329 κατὰ
1577 1272 1681 1329 δύο
1722 1271 1872 1349 αὐτῷ

176 1360 575 1431 συμβάλλουσα
631 1361 788 1427 ἐντὸς
841 1359 1017 1418 αὐτοῦ
1071 1366 1348 1417 πίπτουσα
1404 1363 1686 1433 ἐδείχθη]·
1737 1360 1873 1435 ὅπερ

178 1453 290 1505 ἔδει
331 1452 522 1517 δεῖξαι.

90 1610 144 1650 15
968 1598 1062 1667 ιζ’.
1949 1598 1956 1656 Ι

277 1700 421 1758 Ἀπὸ
492 1706 607 1758 τοῦ
667 1703 990 1768 δοθέντος
1044 1708 1324 1775 σημείου
1377 1707 1496 1759 τοῦ
1554 1703 1873 1769 δοθέντος
1948 1708 1956 1790 j

175 1789 422 1847 κύκλου
455 1792 922 1863 ἐφαπτομένην
957 1789 1232 1848 εὐθεῖαν
1255 1791 1562 1900 γραμμὴν
1587 1790 1872 1863 ἀγαγεῖν.
1948 1796 1956 1873 ᾗ

273 1877 455 1936 ’Ἐστω
503 1878 566 1936 τὸ
615 1880 717 1951 μὲν
765 1879 943 1936 δοθὲν
990 1891 1222 1987 σημεῖον
1267 1879 1331 1936 τὸ
1373 1888 1451 1951 Α,
1508 1878 1538 1936 ὁ
1581 1879 1642 1936 δὲ
1682 1880 1876 1945 δοθεὶς

175 1968 378 2035 κύκλος
419 1966 448 2025 ὁ
483 1974 671 2025 ΒΓΔ
714 1974 803 2026 δεῖ
839 1967 909 2042 δὴ
950 1967 1059 2025 ἀπὸ
1096 1973 1198 2025 τοῦ
1230 1977 1284 2025 Α
1316 1974 1550 2042 σημείου
1579 1973 1681 2026 τοῦ
1714 1974 1874 2025 ΒΓΔ

88 2070 144 2110 20
174 2057 387 2114 κύκλου
427 2059 817 2130 ἐφαπτομένην
857 2057 1089 2114 εὐθεῖαν
1129 2055 1389 2130 γραμμὴν
1429 2056 1674 2130 ἀγαγεῖν.

291 2145 570 2219 Εἰλήφθω
618 2145 726 2218 γὰρ
772 2145 835 2203 τὸ
886 2147 1120 2219 κέντρον
1159 2150 1262 2203 τοῦ
1301 2146 1512 2204 κύκλου
1549 2146 1612 2203 τὸ
1654 2153 1727 2217 Ε,
1781 2147 1873 2202 καὶ

179 2234 489 2308 ἐπεζεύχθω
544 2232 579 2306 ἡ
621 2241 756 2306 ΑΕ,
809 2235 900 2290 καὶ
940 2237 1151 2312 κέντρω
1198 2234 1301 2307 μὲν
1338 2257 1414 2292 τω
1457 2242 1509 2292 Ε
1545 2235 1874 2307 διαστήματι

178 2323 241 2381 δὲ
287 2346 362 2380 τω
405 2331 515 2380 ΕΑ
562 2323 765 2390 κύκλος
808 2324 1118 2397 γεγραφθω
1159 2323 1189 2381 ὁ
1236 2331 1435 2396 ΑΖΗ,
1490 2325 1581 2380 καὶ
1621 2322 1732 2381 ἀπὸ
1771 2328 1873 2381 τοῦ

297 2533 419 2577 XVI.
452 2530 673 2591 πόρισμα.
722 2531 993 2589 Simplicius
1024 2532 1074 2576 in
1106 2533 1239 2590 phys.
1272 2531 1353 2577 fol.
1382 2537 1475 2577 12V.
1841 2384 1956 2902 3!

300 2732 338 2770 1.
374 2721 605 2770 ἐλάσσονα
635 2740 680 2799 p.
809 2724 881 2799 τε]
915 2739 976 2769 m.
1002 2731 1027 2769 2
1061 2725 1117 2771 V.
1248 2730 1288 2770 3.
1322 2725 1394 2784 τε]
1428 2739 1519 2770 om.
1551 2725 1643 2783 Bp.

178 2780 274 2829 ὑπό
307 2785 350 2829 V
382 2800 441 2830 m.
469 2790 510 2829 2.
604 2783 660 2829 οὐ
695 2781 787 2842 μὴν
820 2783 935 2830 ουδέ
967 2786 1018 2829 F.
1112 2791 1152 2830 6.
1184 2785 1255 2843 τε]
1291 2799 1380 2831 om.
1412 2800 1460 2842 p.
1566 2789 1608 2829 8.
1640 2729 1869 2856 πόρισμαη

179 2857 327 2901 comp.
361 2844 459 2901 Bp,
499 2844 541 2888 V
573 2859 632 2889 m.
659 2849 707 2898 2;
749 2858 839 2889 om.
861 2844 967 2916 PF,
1006 2843 1049 2888 V
1079 2859 1140 2889 m.
1168 2849 1207 2889 1.
1345 2849 1387 2889 9.
1419 2841 1660 2901 τούτωνρ
1627 2858 1672 2901 p.

179 2917 319 2959 supra
349 2918 411 2948 m
439 2909 462 2947 1
495 2903 545 2947 P.
644 2910 709 2948 11.
745 2903 826 2948 καὶ
858 2898 1004 2948 ὅτι-
1026 2909 1093 2948 14.
1128 2903 1301 2961 δεῖξαι]
1333 2918 1428 2961 mg.
1452 2918 1512 2949 m.
1538 2918 1627 2949 rec.
1653 2904 1704 2948 P.
1801 2911 1870 2950 12.

1851 2785 1934 3074 Ξ
