1956 3074
543 121 1004 163 ELEMENTORUM
1033 122 1216 163 LIBER
1246 123 1282 164 Ι.
1686 120 1756 172 41

175 241 325 309 Ergo
371 241 419 294 si
471 241 606 293 duae
646 242 826 293 rectae
875 239 942 292 ad
982 243 1186 293 rectam
1226 241 1462 309 aliquam
1503 244 1557 293 et
1594 261 1760 310 pune-

63 333 180 383 tum
227 330 340 382 eius
386 347 500 382 non
545 329 603 382 in
650 328 835 381 eadem
881 331 1037 398 parte
1089 330 1301 398 positae
1340 330 1571 398 angulos
1613 330 1759 383 dein·
1845 349 1854 356 ·

64 436 187 488 ceps
232 418 443 487 positos
484 418 692 471 duobus
731 417 893 470 rectis
935 418 1186 487 aequales
1227 417 1520 486 effecerint,
1576 417 1635 470 in
1676 436 1758 471 ea-

63 507 183 560 dem
224 510 382 559 erunt
419 507 565 560 linea
602 509 773 575 rect33
829 506 973 576 quod
1014 510 1131 560 erat
1169 507 1667 561 demonstrandum.

847 683 967 738 XV.

172 786 229 841 Si
263 788 398 841 duae
429 791 608 841 rectae
646 788 878 858 inter'se
912 791 1114 857 secant,
1154 789 1380 858 angulos
1407 789 1474 842 ad
1499 790 1756 844 uerticem

55 877 266 947 positos
305 877 447 930 inter
487 894 543 930 se
583 877 835 947 aequales
872 877 1128 930 efficiunt.

168 965 311 1019 Nam
338 966 474 1019 duae
499 968 678 1019 rectae
703 969 829 1034 ΑΒ,
854 968 966 1018 ΓΔ
998 966 1141 1019 inter
1165 985 1222 1020 se
1249 970 1434 1020 secent
1464 967 1522 1019 in
1553 970 1755 1036 puncto

56 1059 120 1108 E.
190 1055 324 1122 dice,
365 1073 484 1109 esse
513 1060 548 1118 L
573 1057 836 1108 ΑΕΓΞ
864 1059 1033 1108 AER
1074 1060 1128 1109 el:
1160 1061 1194 1118 L
1220 1058 1678 1110 FEB=AEA.

166 1162 292 1196 nam
335 1144 590 1214 quoniam
630 1148 780 1197 reeta
822 1149 937 1197 AE
975 1163 1135 1214 super
1175 1147 1382 1198 rectam
1423 1147 1536 1197 ΓΔ
1578 1148 1756 1198 erecta

724 1236 807 1285 est
833 1234 1061 1303 angulos
1097 1233 1332 1287 efficiens
1358 1236 1538 1303 ΓΕΑ,
1564 1239 1754 1305 ΑΕΔ,

723 1324 909 1393 anguli
938 1325 1127 1391 ΓΕΑ,
1151 1326 1328 1376 ΑΕΔ
1352 1323 1559 1376 duobus
1591 1325 1754 1378 rectis

723 1413 972 1482 aequales
1006 1415 1133 1464 sun'n
1161 1414 1334 1482 [prop.
1353 1411 1527 1479 XIII].
1566 1431 1753 1467 rursus

80 1494 684 1553 T—ss-——Y'
723 1501 978 1570 quoniam
1018 1504 1167 1554 reefia
1194 1505 1312 1554 ΔΕ
1349 1520 1510 1572 super
1548 1504 1753 1555 rectam

418 1526 614 1693 Χ
722 1594 830 1643 ΑΒ
880 1593 1057 1643 erecta
1105 1592 1188 1643 eslz
1236 1591 1466 1660 angulos
1513 1590 1752 1645 efficiens

528 1675 576 1720 B
722 1684 920 1749 ΑΕΔ,
1005 1683 1200 1744 ΔΕΒ,
1286 1680 1474 1750 anguli
1551 1683 1752 1750 ΑΕΔ,

52 1769 224 1819 ΔΕΒ
273 1767 480 1820 duobus
528 1769 689 1821 rectis
738 1768 991 1839 aequales
1033 1771 1162 1821 sunt
1203 1767 1318 1835 [id.]
1398 1768 1491 1821 sed
1531 1768 1752 1822 demon-

52 1857 280 1908 stratum
320 1858 414 1925 est,
453 1856 616 1910 etiam
655 1858 885 1927 angulos
910 1860 1099 1926 ΓΕΑ,
1123 1860 1299 1909 ΑΕΔ
1338 1856 1549 1910 duobus
1588 1858 1750 1911 rectis

50 1929 302 2014 aequales
333 1963 466 1999 esse.
530 1965 694 2016 quare
719 1949 885 1999 ΓΕΑ
905 1949 970 2014 4-
991 1949 1169 1999 ΑΕΔ
1196 1971 1264 1989 =
1291 1949 1467 1999 ΑΕΔ
1487 1947 1554 2014 -Ι-
1576 1949 1748 1999 ΔΕΒ

51 2034 329 2102 [κ.ἔνν.1].
369 2036 734 2106 subtrahatur,
752 2036 843 2106 qui
860 2035 1165 2089 eommunis
1184 2038 1282 2105 θεὴ,
1300 2039 1398 2098 LA
1407 2039 1533 2088 EA.
1565 2036 1750 2106 itaque

48 2125 213 2176 ΓΕΑ
245 2149 315 2167 ---
342 2127 513 2177 ΒΕΔ
555 2126 623 2191 [κ.
655 2126 768 2178 ἔνν.
801 2125 875 2192 3].
950 2125 1198 2178 similiter
1244 2125 1749 2195 demonstrabimUS,

49 2229 164 2266 esse
206 2213 372 2266 etiam
643 2219 678 2276 L
701 2215 863 2267 ΓΕΒ
889 2240 959 2257 =
983 2218 1173 2268 ΔΕΑ.

157 2301 309 2374 Ergo
359 2302 404 2356 si
451 2303 587 2356 duae
633 2305 813 2357 rectae
859 2304 1002 2357 inter
1041 2323 1099 2358 se
1140 2306 1347 2369 secant,
1406 2303 1638 2374 angulos
1680 2303 1746 2356 ad

46 2390 306 2444 uerticem
345 2392 554 2460 positos
593 2392 735 2446 inter
775 2411 833 2446 se
867 2394 1117 2463 aequales
1151 2393 1417 2463 efficiunt3
1458 2392 1601 2463 quod
1630 2395 1748 2446 erat

47 2479 541 2534 demonstrandum.

163 2641 261 2687 XV.
293 2641 485 2687 Boetius
516 2658 561 2700 p.
587 2647 697 2700 381,
717 2647 785 2687 15.

48 2778 182 2821 ΓΕΑ
235 2776 329 2823 litt.
365 2779 450 2822 EA
483 2778 533 2822 in
564 2792 656 2836 ras.
689 2778 746 2824 V.
878 2778 1038 2836 BEA]
1075 2780 1212 2822 ΔΕΒ
1244 2776 1282 2820 Β
1316 2777 1364 2821 el:
1393 2776 1444 2821 in
1474 2789 1562 2822 rae.
1596 2775 1652 2821 V.

44 2831 126 2894 δή]
200 2834 221 2880 ἐ
253 2836 298 2891 b,
332 2838 381 2882 et
410 2837 454 2881 V
485 2852 545 2882 m.
575 2843 597 2881 1
641 2838 722 2883 sed
754 2852 867 2883 corr.
993 2842 1063 2883 24.
1095 2837 1292 2881 ποιῶσιν
1323 2835 1372 2881 Ε.
