1956 3074
85 1051 141 1090 10

85 1495 139 1535 15

82 1940 140 1981 20

82 2385 138 2425 25

175 125 283 177 172
805 125 1141 169 ΣΤοῙΧΕΙῼΝ
1172 118 1234 179 γ’.

170 242 274 314 τὴν
314 250 423 299 ΑΒ
463 246 591 314 δίχα
630 243 870 314 τεμνέτω
917 240 1056 297 κατὰ
1095 241 1158 297 τὸ
1202 248 1247 297 Ζ
1289 253 1543 314 σημεῖον·
1582 243 1744 314 λέγω,
1786 242 1871 300 ὅτι

170 332 264 387 καὶ
303 329 442 404 πρὸς
474 329 654 404 ὀρθὰς
693 327 870 402 αὐτὴν
909 331 1109 402 τέμνει.

283 419 563 492 Εἰλήφθω
610 417 716 493 γὰρ
763 419 827 474 τὸ
876 420 1111 492 κέντρον
1157 422 1259 475 τοῦ
1299 425 1471 476 ΑΒΓ
1502 419 1740 491 κύκλου,
1779 421 1871 476 καὶ

173 512 311 564 ἔστω
351 506 414 564 τὸ
457 514 522 578 Ε,
562 508 655 563 καὶ
681 507 1102 579 ἐπεζεύχθωσαν
1142 511 1204 563 αἰ
1240 515 1369 580 ΕΑ,
1409 515 1528 564 ΕΒ.

284 597 399 653 Καὶ
439 598 555 653 ἐπεὶ
595 603 688 667 ἴση
729 596 880 652 ἐστὶν
919 594 953 667 ἡ
989 602 1099 652 ΑΖ
1121 599 1189 670 τῇ
1215 603 1336 667 ΖΒ,
1374 595 1538 668 κοινὴ
1579 596 1642 652 δὲ
1680 595 1715 668 ἡ
1750 604 1872 669 ΖΕ,

173 684 278 741 δύο
321 685 486 740 δυσὶν
528 692 644 740 ἴσαι
686 688 905 754 [εἰσίν]·
945 685 1038 740 καὶ
1077 684 1239 755 βάσις
1276 682 1312 757 ἡ
1347 691 1450 741 ΕΑ
1482 685 1643 763 βάσει
1674 689 1741 760 τῇ
1766 692 1871 742 ΕΒ

173 779 295 845 ἴση·
334 777 513 844 γωνία
553 771 663 843 ἄρα
702 770 734 844 ἡ
776 770 886 829 ὑπὸ
920 779 1092 830 ΑΖΕ
1125 778 1304 847 γωνίᾳ
1341 776 1408 847 τῇ
1440 771 1550 829 ὑπὸ
1583 779 1751 830 ΒΖΕ
1779 781 1871 846 ἴση

172 863 338 918 ἐστίν.
417 859 554 918 ὅταν
593 861 656 918 δὲ
696 861 892 918 εὐθεῖα
932 860 1016 918 ἐπ’
1059 861 1292 919 εὐθεῖαν
1332 870 1601 918 σταθεῖσα
1639 862 1739 928 τὰς
1778 865 1871 934 έφ-

172 951 298 1022 εξῆς
342 955 550 1022 γωνίας
597 957 722 1017 ἴσας
767 949 1035 1024 ἀλλήλαις
1079 956 1240 1026 ποιῇ,
1289 950 1437 1025 ὀρθὴ
1491 953 1720 1024 ἑκατέρα
1758 955 1872 1008 τῶν

174 1045 313 1096 ἴσων
352 1043 578 1111 γωνιῶν
603 1042 754 1096 ἐστιν
772 1059 784 1070 ·
824 1041 1054 1114 ἑκατέρα
1078 1039 1189 1114 ἄρα
1211 1045 1324 1098 τῶν
1347 1039 1457 1098 ὑπὸ
1484 1047 1668 1112 ΑΖΕ,
1707 1046 1876 1096 ΒΖΕ

172 1127 322 1202 ὀρθή
372 1131 540 1185 ἐστιν.
615 1128 650 1201 ἡ
696 1134 801 1185 ΓΔ
847 1128 958 1201 ἄρα
1007 1129 1101 1185 διὰ
1147 1133 1249 1186 τοῦ
1296 1131 1532 1203 κέντρου
1579 1123 1723 1186 οὖσα
1768 1127 1871 1200 τὴν

170 1224 280 1274 ΑΒ
328 1216 402 1290 μὴ
451 1216 546 1273 διὰ
584 1220 688 1274 τοῦ
742 1218 976 1291 κέντρου
1031 1211 1211 1275 οὖσαν
1268 1222 1396 1291 δίχα
1445 1219 1723 1290 τέμνουσα
1778 1217 1871 1272 καὶ

171 1305 311 1379 πρὸς
350 1304 531 1379 ὀρθὰς
570 1309 771 1379 τέμνει.

278 1394 442 1451 Ἀλλὰ
475 1395 546 1466 δὴ
579 1394 614 1468 ἡ
646 1400 751 1451 ΓΔ
780 1396 884 1468 τὴν
899 1402 1007 1452 ΑΒ
1032 1396 1172 1470 πρὸς
1204 1395 1388 1469 ὀρθὰς
1418 1397 1678 1469 τεμνέτω·
1710 1398 1872 1468 λέγω,

174 1481 260 1539 ὅτι
299 1484 392 1539 καὶ
432 1488 561 1558 δίχα
600 1483 778 1558 αὐτὴν
816 1487 1018 1557 τέμνει,
1059 1487 1364 1557 τουτέστιν,
1406 1484 1490 1542 ὅτι
1527 1492 1619 1558 ἴση
1653 1487 1803 1543 ἐστὶν
1837 1484 1872 1559 ἡ

172 1579 281 1628 ΑΖ
319 1576 385 1647 τῇ
427 1580 542 1629 ZB.

290 1666 416 1719 Τῶν
455 1661 563 1735 γὰρ
595 1660 785 1719 αὐτῶν
814 1663 1403 1735 κατασκευασθέντων,
1444 1663 1559 1719 ἐπεὶ
1597 1670 1688 1735 ἴση
1722 1664 1873 1720 ἐστὶν

172 1748 206 1822 ἡ
254 1757 365 1806 ΕΛ
412 1754 478 1824 τῇ
518 1758 649 1823 ΕΒ,
698 1759 790 1824 ἴση
839 1753 952 1809 ἐστὶ
999 1752 1092 1807 καὶ
1138 1757 1316 1824 γωνία
1361 1750 1396 1824 ἡ
1445 1750 1554 1808 ὑπὸ
1596 1759 1762 1808 ΕΑΖ
1802 1756 1869 1825 τῇ

171 1836 282 1896 ὑπὸ
324 1846 501 1896 ΕΒΖ.
580 1841 694 1897 ἐστὶ
743 1840 805 1897 δὲ
850 1840 942 1897 καὶ
983 1839 1129 1914 ὀρθὴ
1177 1839 1212 1912 ἡ
1258 1838 1368 1898 ὑπὸ
1409 1846 1579 1897 ΑΖΕ
1615 1839 1762 1913 ὀρθῇ
1803 1845 1875 1914 τῇ

172 1925 282 1984 ὑπὸ
309 1935 476 1985 ΒΖΕ
504 1936 623 2001 ἴση·
664 1929 770 1986 δύο
811 1928 920 2003 ἄρα
959 1928 1205 2002 τρίγωνά
1244 1931 1359 1985 ἐστι
1392 1929 1458 1985 τὰ
1483 1936 1667 2001 ΕΑΖ,
1709 1936 1870 1986 ΕΖΒ

171 2015 271 2083 τὰς
319 2017 423 2073 δύο
470 2023 678 2090 γωνίας
725 2019 854 2074 δυσὶ
900 2023 1132 2089 γωνίαις
1180 2025 1303 2084 ἴσας
1350 2022 1546 2090 ἔχοντα
1593 2020 1684 2074 καὶ
1737 2024 1870 2091 μίαν

172 2105 421 2179 πλευρὰν
460 2110 560 2181 μιᾷ
600 2110 810 2180 πλευρᾷ
852 2113 982 2178 ἴσην
1017 2105 1215 2179 κοινὴν
1248 2105 1435 2163 αὐτῶν
1465 2107 1569 2179 τὴν
1603 2113 1706 2162 ΕΖ
1737 2105 1871 2163 ὑπο-

171 2199 470 2252 τείνουσαν
502 2193 611 2252 ὑπὸ
645 2200 780 2268 μίαν
814 2199 931 2251 τῶν
959 2202 1100 2252 ἴσων
1131 2205 1383 2268 γωνιῶν·
1423 2197 1516 2252 καὶ
1547 2195 1644 2263 τὰς
1673 2196 1873 2264 λοιπὰς

172 2282 285 2356 ἄρα
323 2283 566 2357 πλευρὰς
602 2296 723 2351 ταῖς
761 2291 980 2352 λοιπαῖς
1017 2292 1281 2359 πλευραῖς
1313 2293 1435 2352 ἴσας
1467 2287 1603 2353 ἕξει·
1644 2293 1734 2357 ἴση
1761 2285 1870 2359 ἄρα

172 2370 206 2443 ἡ
247 2380 301 2428 Λ
311 2380 355 2428 Ζ
394 2378 460 2446 τῇ
504 2380 619 2430 ΖΒ.

293 2543 333 2583 2.
367 2541 506 2595 τεμεῖ
529 2537 579 2581 F.
720 2542 760 2584 5.
800 2539 900 2597 ΖΒ]
936 2551 1051 2583 corr.
1084 2553 1141 2583 ex
1172 2541 1256 2583 ΒΖ
1286 2555 1345 2585 m.
1372 2544 1399 2583 2
1431 2538 1493 2592 V,
1528 2540 1611 2582 BZ
1641 2538 1693 2583 B.
1828 2544 1867 2584 6.

171 2609 259 2656 δύο
292 2607 352 2667 δή
385 2611 539 2669 BVp,
570 2611 620 2656 in
650 2612 688 2655 B
722 2626 814 2668 seq.
849 2600 1046 2682 »-3}—-«
1192 2611 1331 2671 εἰσίν]
1366 2626 1455 2658 om.
1488 2611 1544 2667 P;
1579 2610 1674 2657 εἰσί
1698 2627 1743 2669 p.

172 2685 281 2743 EA]
314 2687 401 2729 ΑΕ
433 2702 483 2742 φ.
638 2690 678 2730 7
713 2685 864 2743 BZE]
900 2689 1034 2730 ΕΖΒ
1066 2687 1115 2731 P.
1263 2691 1302 2731 9.
1337 2681 1482 2758 ὀρθή
1498 2682 1574 2730 ἔστ
1577 2702 1623 2730 ιν
1625 2686 1746 2758 Bp.

172 2749 242 2788 10.
277 2739 371 2788 ἔστι
374 2744 422 2802 ν]
459 2758 548 2789 om.
582 2745 682 2815 Bp;
717 2759 859 2802 supra
882 2759 1033 2803 comp.
1059 2761 1119 2791 m.
1132 2745 1229 2790 2V.
1357 2750 1424 2789 10.
1459 2740 1583 2800 ὀρθὴ
1616 2761 1710 2802 αρα
1744 2741 1867 2789 ἐστὶν

173 2799 375 2860 ἑκατέρα
405 2804 502 2849 τῶν
534 2799 629 2848 ὑπὸ
662 2806 817 2858 ΑΖΕ,
853 2807 986 2849 ΒΖΕ
1017 2805 1066 2851 Ρ.
1190 2807 1346 2861 ΑΖΕ
1380 2805 1534 2863 ΒΖΕ]
1566 2803 1616 2849 in
1648 2817 1736 2850 rae.
1769 2804 1820 2853 F.

172 2866 243 2907 11.
277 2858 425 2936 ἐστιν]
460 2875 610 2920 comp.
645 2878 787 2921 supra
819 2877 903 2910 scr
937 2865 987 2909 F.
1143 2865 1246 2922 ΓΔ]
1283 2867 1326 2907 Γ
1353 2865 1518 2920 postea.
1548 2863 1705 2908 insert.
1738 2863 1794 2909 V.

174 2925 243 2966 13.
278 2919 429 2977 αὐτὴν
462 2921 622 2979 τέμνει
661 2921 711 2966 V.
838 2928 906 2967 14.
942 2921 999 2980 δὴ
1033 2940 1114 2967 και
1107 2923 1199 2968 V.
1310 2923 1413 2980 ΓΔ]
1441 2925 1486 2966 Γ
1511 2923 1677 2980 postea
1706 2922 1863 2968 insert.
