1956 3074
518 91 980 136 ELEMENTORUM
1008 93 1193 134 LIBER
1223 92 1305 135 111.
1691 89 1800 142 247

101 216 232 271 ioris
272 214 447 268 maior
478 215 563 267 est
601 214 749 289 recto
784 212 1011 266 minoris
1048 215 1230 266 autem
1264 211 1534 281 segmenti
1566 211 1799 281 angulus

106 306 279 358 minor
316 300 492 373 rectof3
531 301 675 371 quod
715 303 832 354 erat
869 300 1369 354 demonstrandum.
1382 297 1424 370 1)

838 461 1068 516 XXXII.

216 568 271 623 Si
309 570 459 622 recta
498 567 756 621 circulum
796 566 1080 636 contingit,
1120 567 1175 618 et
1211 584 1243 618 a
1275 568 1476 635 puncto
1511 568 1798 619 contactus

104 659 161 712 in
199 658 454 711 circulum
494 657 812 726 producitur
848 657 998 708 recta
1038 672 1226 707 secans
1267 655 1543 725 circulum,
1595 654 1800 725 anguli,

104 765 236 817 quos
274 747 408 800 haec
449 764 570 799 cum
610 744 948 815 contingenti
986 743 1170 812 efficit,
1211 744 1464 812 aequales
1505 746 1665 797 erunt
1709 762 1802 797 an-

103 836 244 907 gulis
283 836 336 888 in
377 836 601 888 alternis
641 834 935 904 segmentis
976 832 1163 886 circuli
1201 832 1410 901 positis.

212 943 342 978 nam
367 925 625 978 circulum
650 924 875 976 ΑΒΓΔ
899 921 1184 991 contingat
1214 924 1363 974 recta
1386 925 1439 974 E
1447 925 1491 974 Z
1514 921 1574 974 in
1596 924 1800 990 puncto

101 1015 164 1081 B,
204 1015 259 1066 et
298 1031 330 1066 a
367 1016 414 1066 Β
454 1015 657 1084 puncto
697 1014 845 1064 recta
885 1014 999 1063 BA
1046 1011 1309 1064 circulum
1349 1012 1574 1064 ΑΒΓΔ
1614 1028 1800 1064 secans

727 1101 785 1153 in
840 1118 963 1153 eum
1017 1100 1359 1168 producatur.
1437 1100 1582 1164 dieo,
1631 1116 1802 1169 angu-

416 1147 559 1211 Χ
585 1190 638 1232 Δ
728 1189 830 1264 los,
869 1206 1003 1259 quos
1031 1192 1145 1241 BA
1177 1207 1298 1242 cum
1332 1188 1670 1258 contingenti
1694 1191 1801 1240 ΕΖ

575 1231 629 1414 N
729 1279 952 1348 efficiat,
1008 1278 1259 1348 aequales
1311 1277 1427 1331 fore
1476 1277 1691 1347 angulis
1743 1277 1801 1329 in

731 1367 956 1420 alternis
1006 1366 1306 1437 segmentis
1356 1367 1541 1419 circuli
1588 1365 1800 1436 positis,

408 1427 621 1595 l
728 1455 782 1508 h.
806 1473 849 1508 e.
884 1460 919 1517 L
945 1458 1048 1508 ΖΒ
1059 1459 1114 1507 Δ
1139 1455 1420 1525 aequalem
1454 1473 1568 1508 esse
1601 1455 1800 1525 angulo

113 1577 171 1622 Ε
360 1604 411 1650 B
636 1578 684 1628 Ζ
728 1544 785 1596 in
826 1547 1104 1614 segmento
1146 1548 1320 1597 BAA
1359 1546 1694 1611 constructo,
1748 1546 1803 1596 et

729 1637 764 1694 L
790 1636 895 1686 ΕΒ
906 1638 961 1686 Δ
993 1633 1195 1704 angulo
1235 1634 1293 1686 in
1325 1636 1606 1704 segmento
1633 1635 1800 1686 ΔΓΒ

101 1722 412 1773 constructo
454 1720 749 1789 aequalem.

212 1809 438 1862 ducatur
477 1809 621 1861 enim
661 1828 693 1862 a
723 1813 771 1862 B
813 1809 879 1862 ad
920 1813 1024 1862 EZ
1063 1810 1527 1879 perpendicularis
1568 1813 1704 1874 BA,
1746 1813 1801 1862 et

222 1957 265 2012 1)
321 1954 629 1999 corollarium
670 1969 756 2011 per
802 1969 850 2000 se
898 1969 1064 2011 parum
1111 1954 1427 1999 necessarium
1480 1955 1557 1999 hic
1613 1956 1821 2013 prorsus

101 2027 245 2071 praue
279 2014 548 2069 collocatur,
581 2029 687 2059 cum
719 2013 911 2059 minime
945 2028 970 2059 e
1002 2014 1322 2071 propositione
1354 2014 1572 2070 pendeat.
1637 2014 1677 2058 si
1707 2014 1801 2059 Eu-

102 2073 247 2119 clides
284 2074 335 2118 id
374 2073 579 2118 adiicere
616 2074 865 2128 uoluisset,
913 2076 1024 2130 post
1052 2073 1094 2129 I,
1120 2079 1176 2118 32
1209 2087 1383 2130 ponere
1415 2073 1591 2119 debuit.
1656 2073 1801 2117 etiam

102 2133 350 2178 collocatio
390 2132 641 2177 uerborum
680 2128 799 2188 ὅπερ
841 2131 940 2177 ἔδει
980 2133 1138 2186 δεῖξαι
1177 2133 1226 2177 et
1257 2132 1377 2177 ratio
1411 2132 1626 2177 codicum
1656 2133 1800 2178 inter-

101 2192 363 2249 polatorem
404 2194 625 2248 arguunt3
675 2191 832 2237 omisit
865 2191 1144 2249 Campanus.
1195 2193 1306 2249 post
1337 2192 1579 2237 Thoonem
1611 2192 1802 2250 demum

101 2251 314 2297 additum
346 2264 447 2296 esse
479 2251 678 2296 uidetur.

102 2415 302 2474 διαχθῇ]
336 2432 409 2459 -α-
441 2415 491 2460 in
520 2430 609 2460 ras.
637 2415 692 2458 V.
819 2421 886 2459 11.
918 2413 1006 2472 τὴν
1040 2411 1377 2472 ἐφαπτομένην
1409 2414 1473 2468 V;
1509 2429 1622 2460 corr.
1649 2430 1708 2459 m.
1728 2419 1768 2458 2.

106 2477 174 2518 17.
207 2470 324 2519 αὐτό
358 2491 408 2530 φ.
533 2480 602 2520 18.
637 2471 990 2534 ἐφαπτομένης]
1024 2491 1070 2526 -ς
1100 2475 1266 2531 postea
1298 2473 1404 2518 add.
1437 2474 1488 2518 F.
1614 2479 1681 2518 19:
1714 2474 1798 2519 τοῦ

102 2528 276 2578 κύκλου
307 2532 513 2591 τμήμασι
543 2534 597 2578 V.
721 2530 956 2591 τμήμασιν
987 2535 1038 2579 Ρ.
1132 2528 1225 2591 ὅτι]
1259 2547 1348 2577 om.
1380 2548 1426 2589 p.
1536 2538 1607 2578 20.
1642 2536 1777 2576 ΖΒΔ

106 2594 240 2635 ΔΒΖ
268 2592 327 2646 F3
360 2607 476 2639 corr.
509 2609 571 2639 m.
596 2598 637 2640 2.
759 2594 930 2652 γωνία]
965 2608 1055 2638 om.
1081 2593 1170 2648 Bp.
1296 2590 1422 2637 ἐστίν
1453 2592 1503 2636 Ρ.
1628 2587 1680 2636 ἐν
1711 2591 1773 2650 τῷ

103 2649 153 2694 in
182 2664 270 2695 ras.
302 2650 346 2695 V
376 2667 436 2697 m.
463 2657 504 2696 2.
651 2653 806 2710 ΒΑΔ]
840 2652 936 2709 PF,
968 2652 1011 2696 V
1044 2665 1069 2695 e
1102 2666 1217 2697 corr.
1249 2666 1310 2695 m.
1337 2656 1385 2704 2;
1421 2654 1554 2695 ΔΑΒ
1588 2650 1678 2707 Bp.

105 2712 175 2753 21.
206 2711 378 2769 γωνίᾳ]
413 2725 507 2768 seq.
540 2712 595 2767 τῇ
627 2707 722 2756 ὑπὸ
756 2714 844 2755 AA
856 2714 906 2767 Β,
940 2712 1021 2756 sed
1053 2725 1169 2755 eras.
1196 2709 1252 2755 V.
1360 2711 1520 2768 EBA]
1556 2714 1597 2753 Δ
1629 2710 1679 2754 in
1710 2722 1798 2755 ras.

105 2766 168 2821 V;
202 2771 342 2813 ABE
373 2770 422 2824 F,
470 2784 585 2815 corr.
619 2785 679 2816 m.
707 2776 747 2814 2.
846 2772 849 2774 ’
899 2770 1069 2827 γωνία]
1112 2769 1209 2826 PF,
1255 2769 1298 2813 V
1329 2769 1379 2813 in
1409 2782 1498 2814 ras.
1531 2783 1591 2813 m.
1618 2774 1666 2824 23
1708 2783 1798 2814 om.

104 2823 194 2883 Bp.
349 2825 474 2873 ἐστίν
505 2828 555 2874 P.
709 2834 780 2874 22.
815 2833 857 2873 Δ
869 2829 973 2887 ΓΒ]
1011 2832 1054 2872 Γ
1081 2842 1105 2873 e
1138 2842 1253 2873 corr.
1286 2843 1346 2873 m.
1366 2833 1392 2872 2
1419 2829 1474 2874 V.
1629 2828 1796 2888 γωνίᾳ]

103 2897 199 2941 seq,
230 2887 285 2945 τῇ
317 2883 413 2932 ὑπὸ
447 2891 584 2932 ΔΓΒ
616 2888 659 2932 V
691 2889 865 2946 (eras),
898 2888 1023 2933 idem
1056 2902 1149 2945 mg.
1184 2903 1244 2931 m.
1271 2892 1297 2931 2
1331 2888 1380 2932 F.
