1956 3074
585 88 1045 163 ELEMENTORUM
1074 117 1256 159 LIBER
1286 119 1367 160 111.
1655 179 1662 184 -
1734 112 1842 166 173

144 249 253 300 AB
290 245 347 297 in
384 242 515 295 duas
555 243 739 311 partes
780 238 1029 309 aequales
1071 239 1215 290 secet
1253 237 1312 290 in
1351 238 1550 304 puncto
1593 239 1651 289 Z.
1705 235 1842 305 dioc,

143 318 367 389 eaudem
406 349 526 385 eam
564 329 633 383 ad
671 331 849 382 rectos
888 327 1120 398 angulos
1161 343 1362 380 secare.

254 424 499 476 sumatur
546 419 689 472 enim
737 420 983 471 centrum
1036 416 1222 470 circuli
1261 417 1434 468 ΑΒΓ
1468 415 1643 484 [prop.
1681 412 1748 483 Ι],
1788 416 1842 466 et

147 513 217 566 sit
255 515 318 580 E,
357 512 413 563 ef,
450 509 717 562 ducantur
757 510 882 575 EA,
922 509 1041 560 ΕΒ.

255 603 310 652 et
350 598 608 668 quoniam
647 600 755 649 AZ
782 621 851 639 =
878 599 996 664 ΖΒ,
1042 594 1344 648 communis
1378 596 1559 647 aubem
1599 595 1682 645 est
1722 595 1840 661 ΖΕ,

142 691 277 743 duae
316 691 493 741 rectae
534 686 741 739 duabus
783 685 1030 754 aequales
1073 686 1213 737 sunt.
1253 685 1307 736 eb
1346 687 1457 736 EA
1482 708 1553 726 =
1579 685 1700 735 ΕΒ.
1740 681 1842 734 ita-

142 797 244 849 que
269 783 304 840 L
328 779 497 831 AZE
519 801 589 819 =
615 779 662 828 Β
674 778 782 828 ΖΕ
819 773 968 844 [I‚8].
1045 773 1141 826 ubi
1180 789 1310 826 uero
1350 773 1499 824 recta
1539 789 1700 840 super
1730 788 1844 823 rec-

139 871 256 920 tam
289 870 469 920 erecta
502 865 734 936 angulos
767 864 1021 933 deinceps
1061 863 1270 932 positos
1310 862 1451 915 inlzer
1491 878 1547 914 se
1588 860 1841 930 aequales

143 957 321 1026 efficit,
360 959 584 1026 uizerque
626 954 859 1023 angulus
901 953 1140 1023 aequalis
1181 954 1358 1005 rectus
1399 953 1482 1004 est
1515 949 1564 1017 [I
1595 949 1695 1004 def.
1733 950 1841 1017 10].

142 1046 324 1115 ibaque
362 1048 588 1114 uterque
629 1043 860 1114 angulus
901 1045 1085 1107 AZE,
1125 1045 1292 1094 BZE
1325 1043 1504 1094 rectus
1545 1042 1641 1093 est.
1712 1057 1840 1110 ergo

142 1137 246 1188 ΓΔ
292 1153 390 1203 per
427 1136 669 1187 centrum
711 1132 871 1185 ducta
913 1134 1122 1184 rectam
1161 1132 1271 1183 AB
1309 1145 1422 1182 non
1460 1145 1558 1197 per
1597 1130 1842 1181 centrum

142 1224 357 1277 ductam
396 1224 455 1276 in
493 1224 624 1276 duas
664 1224 848 1291 partes
889 1220 1141 1290 aequales
1184 1236 1370 1272 secans
1411 1216 1599 1270 eadem
1631 1217 1699 1269 ad
1730 1235 1840 1271 rec-

354 1369 416 1416 Γ
630 1316 717 1365 tos
758 1310 988 1380 angulos
1030 1311 1191 1362 secat.

706 1400 911 1454 Uerum
920 1401 1023 1453 ΓΔ
1040 1402 1243 1453 rectam
1255 1401 1361 1450 AB
1382 1396 1448 1450 ad
1471 1399 1648 1449 rectos
1674 1413 1840 1466 angu-

633 1493 717 1547 los
737 1493 896 1545 secet.
935 1488 1311 1559 dico‚eandem
1328 1503 1449 1540 eam
1479 1485 1536 1538 in
1568 1484 1701 1538 duas
1720 1503 1840 1554 par-

204 1611 208 1616 ·
630 1585 714 1634 tes
742 1580 993 1651 aequales
1028 1596 1225 1647 secare,
1251 1577 1303 1630 h.
1321 1595 1363 1631 e.
1375 1593 1491 1630 esse
1517 1577 1841 1629 AZ=ZB.

707 1690 835 1724 nam
873 1669 1065 1723 iisdem
1098 1667 1422 1737 comparatis
1455 1665 1712 1734 quoniam
1738 1668 1842 1717 EA

634 1785 703 1803 =
737 1764 865 1830 ER,
919 1759 1022 1813 erit
1075 1758 1238 1811 etiam
1284 1762 1319 1819 L
1360 1759 1526 1809 EAZ
1566 1780 1636 1798 =
1678 1757 1839 1807 EBZ

349 1794 400 1840 A
634 1849 790 1918 [I‚5].
870 1867 1060 1902 uerum
1101 1847 1267 1899 etaiam
1307 1851 1342 1909 l,
1367 1848 1537 1898 AZE
1559 1869 1629 1887 =
1655 1847 1840 1915 ΒΖΕ,

143 1939 269 2007 quia
322 1939 456 1992 recti
503 1942 643 1993 sunt.
723 1937 966 2010 itaque1)
1015 1937 1120 1990 duo
1167 1935 1431 2006 trianguli
1479 1938 1606 1988 suni:
1660 1938 1771 1988 EA
1780 1938 1841 2005 Z,

145 2031 305 2081 ΕΖΒ
329 2028 462 2082 duos
495 2029 724 2099 angulos
757 2028 968 2082 duobus
1003 2027 1253 2096 aequales
1285 2025 1550 2080 habentes
1586 2027 1640 2077 et
1671 2042 1841 2076 unum

143 2117 285 2171 latus
318 2118 411 2171 uni
441 2118 600 2171 lateri
624 2118 847 2188 aequale
881 2120 1000 2187 ΕΖ,
1041 2117 1184 2186 quod
1212 2133 1496 2170 commune
1524 2116 1607 2167 est
1638 2132 1842 2183 eorum,

143 2206 243 2260 sub
291 2208 461 2260 altero
509 2207 831 2278 angulorum
881 2206 1185 2276 aequalium
1235 2204 1578 2258 subtendens.
1655 2204 1839 2274 itaque

143 2298 308 2348 etiam
355 2297 564 2367 reliqua
609 2297 781 2349 latera
825 2295 1048 2366 reliquis
1089 2294 1350 2349 lateribus
1392 2292 1640 2363 aequalia
1677 2293 1839 2346 habe-

143 2383 280 2437 bunt
318 2384 384 2455 [1‚
407 2386 515 2453 26].
557 2403 685 2456 ergo
728 2389 831 2438 AZ
858 2388 1068 2439 =ZB.

266 2518 307 2571 1)
347 2516 460 2561 Cum
498 2513 592 2574 ἄρα
633 2516 715 2562 lin.
748 2521 807 2561 20
846 2517 896 2561 in
928 2515 1142 2562 omnibus
1171 2515 1307 2561 bonis
1341 2514 1579 2561 codicibus
1612 2513 1837 2558 omissum

144 2573 232 2676 :ih
250 2575 444 2620 fortasse
475 2577 631 2634 potius
663 2590 747 2634 pro
780 2577 856 2633 ἴση
891 2571 987 2620 ἐστὶ
1018 2576 1104 2621 καί
1130 2575 1210 2619 lin.
1231 2579 1286 2620 18
1320 2574 1639 2620 scribendum:
1674 2574 1748 2629 ἴση
1782 2572 1834 2618 δὲ

145 2736 202 2803 Y.
325 2742 392 2783 18.
426 2734 478 2783 ἐκ
507 2738 704 2796 κέντρου
737 2756 829 2798 mg.
864 2740 905 2784 V
937 2740 1135 2795 (schol).
1260 2737 1452 2784 ἐστίνν.
1579 2743 1647 2783 19.
1681 2740 1816 2782 ΕΒΖ

146 2795 236 2840 htt.
271 2798 353 2840 ΒΖ
382 2798 429 2842 in
460 2811 549 2843 ras.
582 2798 645 2853 V;
680 2813 794 2845 corr.
828 2814 884 2844 ex
917 2802 1047 2843 EZB
1078 2800 1129 2844 F.
1254 2794 1379 2844 ἐστίν
1411 2797 1467 2844 V.
1613 2800 1684 2842 20.
1717 2738 1834 2856 efficat}

146 2868 236 2957 gn.
268 2854 596 2961 legivcgmp.
631 2872 773 2916 supra
804 2873 889 2904 scr.
922 2859 963 2903 V
994 2874 1056 2903 m.
1082 2864 1122 2903 2.
1275 2856 1501 2916 τρίγωνα]
1538 2873 1686 2915 -γωνα
1718 2870 1834 2903 em.
