<?xml version="1.0" encoding="UTF-8"?>
<!DOCTYPE html PUBLIC "-//W3C//DTD XHTML 1.0 Transitional//EN"
    "http://www.w3.org/TR/xhtml1/DTD/xhtml1-transitional.dtd">
<html xmlns="http://www.w3.org/1999/xhtml" xml:lang="en" lang="en">
 <head>
  <title>
</title>
<meta http-equiv="Content-Type" content="text/html;charset=utf-8" />
  <meta name='ocr-system' content='tesseract 3.04.00' />
  <meta name='ocr-capabilities' content='ocr_page ocr_carea ocr_par ocr_line ocrx_word'/>
</head>
<body>
  <div class='ocr_page' id='page_1' title='image "./euclidisoperaomn01eucluoft_0050.png"; bbox 0 0 1956 3074; ppageno 0'>
   <div class='ocr_carea' id='block_1_1' title="bbox 138 1111 192 1150">
    <p class='ocr_par' dir='ltr' id='par_1_1' title="bbox 138 1111 192 1150">
     <span class='ocr_line' id='line_1_1' title="bbox 138 1111 192 1150; baseline 0 0"><span class='ocrx_word' id='word_1_1' title='bbox 138 1111 192 1150; x_wconf 84' lang='lat'><em>10</em></span> 
     </span>
    </p>
   </div>
   <div class='ocr_carea' id='block_1_2' title="bbox 140 1553 194 1594">
    <p class='ocr_par' dir='ltr' id='par_1_2' title="bbox 140 1553 194 1594">
     <span class='ocr_line' id='line_1_2' title="bbox 140 1553 194 1594; baseline 0 0"><span class='ocrx_word' id='word_1_2' title='bbox 140 1553 194 1594; x_wconf 85' lang='lat'><em>15</em></span> 
     </span>
    </p>
   </div>
   <div class='ocr_carea' id='block_1_3' title="bbox 143 1998 200 2037">
    <p class='ocr_par' dir='ltr' id='par_1_3' title="bbox 143 1998 200 2037">
     <span class='ocr_line' id='line_1_3' title="bbox 143 1998 200 2037; baseline 0 0"><span class='ocrx_word' id='word_1_3' title='bbox 143 1998 200 2037; x_wconf 86' lang='grc'><em>20</em></span> 
     </span>
    </p>
   </div>
   <div class='ocr_carea' id='block_1_4' title="bbox 219 115 1288 175">
    <p class='ocr_par' dir='ltr' id='par_1_4' title="bbox 219 115 1288 175">
     <span class='ocr_line' id='line_1_4' title="bbox 219 115 1288 175; baseline 0 -12"><span class='ocrx_word' id='word_1_4' title='bbox 219 123 291 175; x_wconf 81' lang='grc'><em>36</em></span> <span class='ocrx_word' id='word_1_5' title='bbox 851 119 1189 163; x_wconf 60' lang='lat' dir='ltr'><em>monacum</em></span> <span class='ocrx_word' id='word_1_6' title='bbox 1221 115 1288 163; x_wconf 77' lang='grc' dir='ltr'><em>α’.</em></span> 
     </span>
    </p>
   </div>
   <div class='ocr_carea' id='block_1_5' title="bbox 221 304 1956 2320">
    <p class='ocr_par' dir='ltr' id='par_1_5' title="bbox 1024 304 1124 352">
     <span class='ocr_line' id='line_1_5' title="bbox 1024 304 1124 352; baseline 0 -16"><span class='ocrx_word' id='word_1_7' title='bbox 1024 304 1087 352; x_wconf 89' lang='grc' dir='ltr'><em>ιγ</em></span> <span class='ocrx_word' id='word_1_8' title='bbox 1113 325 1124 336; x_wconf 95' lang='grc'><em>.</em></span> 
     </span>
    </p>

    <p class='ocr_par' dir='ltr' id='par_1_6' title="bbox 221 381 1918 636">
     <span class='ocr_line' id='line_1_6' title="bbox 326 381 1918 455; baseline -0.002 -14"><span class='ocrx_word' id='word_1_9' title='bbox 326 383 475 441; x_wconf 85' lang='grc' dir='ltr'><em>Ἐὰν</em></span> <span class='ocrx_word' id='word_1_10' title='bbox 527 382 760 440; x_wconf 82' lang='grc' dir='ltr'><em>εὐθεῖα</em></span> <span class='ocrx_word' id='word_1_11' title='bbox 815 381 905 440; x_wconf 83' lang='grc' dir='ltr'><em>ἐπ’</em></span> <span class='ocrx_word' id='word_1_12' title='bbox 966 381 1244 439; x_wconf 83' lang='grc' dir='ltr'><em>εὐθεῖαν</em></span> <span class='ocrx_word' id='word_1_13' title='bbox 1293 391 1614 439; x_wconf 80' lang='grc' dir='ltr'><em>σταθεῖσα</em></span> <span class='ocrx_word' id='word_1_14' title='bbox 1674 388 1918 455; x_wconf 78' lang='grc' dir='ltr'><strong><em>γωνίας</em></strong></span> 
     </span>
     <span class='ocr_line' id='line_1_7' title="bbox 221 469 1917 548; baseline -0.001 -18"><span class='ocrx_word' id='word_1_15' title='bbox 221 477 402 548; x_wconf 81' lang='grc' dir='ltr'><em>ποιῇ,</em></span> <span class='ocrx_word' id='word_1_16' title='bbox 443 472 590 546; x_wconf 80' lang='grc' dir='ltr'><em>ἤτοι</em></span> <span class='ocrx_word' id='word_1_17' title='bbox 630 471 996 544; x_wconf 73' lang='grc' dir='ltr'><em>δύοόρθὰς</em></span> <span class='ocrx_word' id='word_1_18' title='bbox 1028 469 1063 543; x_wconf 79' lang='grc' dir='ltr'><em>ἢ</em></span> <span class='ocrx_word' id='word_1_19' title='bbox 1099 473 1296 528; x_wconf 85' lang='grc' dir='ltr'><em>δυσὶν</em></span> <span class='ocrx_word' id='word_1_20' title='bbox 1328 471 1567 545; x_wconf 79' lang='grc' dir='ltr'><em>ὀρθαῖς</em></span> <span class='ocrx_word' id='word_1_21' title='bbox 1601 479 1744 539; x_wconf 77' lang='grc' dir='ltr'><em>ἴσας</em></span> <span class='ocrx_word' id='word_1_22' title='bbox 1776 491 1917 528; x_wconf 86' lang='grc' dir='ltr'><em>ποι-</em></span> 
     </span>
     <span class='ocr_line' id='line_1_8' title="bbox 221 564 384 636; baseline -0.012 -15"><span class='ocrx_word' id='word_1_23' title='bbox 221 564 384 636; x_wconf 85' lang='grc' dir='ltr'><em>ήσει.</em></span> 
     </span>
    </p>

    <p class='ocr_par' dir='ltr' id='par_1_7' title="bbox 221 647 1949 989">
     <span class='ocr_line' id='line_1_9' title="bbox 341 647 1949 722; baseline -0.003 -14"><span class='ocrx_word' id='word_1_24' title='bbox 341 651 556 708; x_wconf 80' lang='grc' dir='ltr'><em>Εὐθεῖα</em></span> <span class='ocrx_word' id='word_1_25' title='bbox 602 650 710 722; x_wconf 77' lang='grc' dir='ltr'><em>γάρ</em></span> <span class='ocrx_word' id='word_1_26' title='bbox 761 671 843 715; x_wconf 85' lang='grc' dir='ltr'><em>τις</em></span> <span class='ocrx_word' id='word_1_27' title='bbox 882 647 915 720; x_wconf 78' lang='grc' dir='ltr'><em>ἡ</em></span> <span class='ocrx_word' id='word_1_28' title='bbox 957 652 1066 705; x_wconf 86' lang='grc' dir='ltr'><em>ΑΒ</em></span> <span class='ocrx_word' id='word_1_29' title='bbox 1108 648 1191 706; x_wconf 86' lang='grc' dir='ltr'><em>ἐπ’</em></span> <span class='ocrx_word' id='word_1_30' title='bbox 1236 648 1469 706; x_wconf 83' lang='grc' dir='ltr'><em>εὐθεῖαν</em></span> <span class='ocrx_word' id='word_1_31' title='bbox 1508 649 1612 721; x_wconf 85' lang='grc' dir='ltr'><em>τὴν</em></span> <span class='ocrx_word' id='word_1_32' title='bbox 1650 654 1754 705; x_wconf 95' lang='grc' dir='ltr'><em>ΓΔ</em></span> <span class='ocrx_word' id='word_1_33' title='bbox 1795 667 1949 706; x_wconf 85' lang='grc' dir='ltr'><em>στα-.</em></span> 
     </span>
     <span class='ocr_line' id='line_1_10' title="bbox 221 735 1919 811; baseline -0.001 -15"><span class='ocrx_word' id='word_1_34' title='bbox 221 749 389 796; x_wconf 81' lang='grc' dir='ltr'><em>θεῖσα</em></span> <span class='ocrx_word' id='word_1_35' title='bbox 426 744 634 811; x_wconf 78' lang='grc' dir='ltr'><em>γωνίας</em></span> <span class='ocrx_word' id='word_1_36' title='bbox 673 742 897 794; x_wconf 86' lang='grc' dir='ltr'><strong><em>ποιείτω</em></strong></span> <span class='ocrx_word' id='word_1_37' title='bbox 936 736 1034 804; x_wconf 83' lang='grc' dir='ltr'><em>τὰς</em></span> <span class='ocrx_word' id='word_1_38' title='bbox 1064 735 1175 794; x_wconf 83' lang='grc' dir='ltr'><em>ὑπὸ</em></span> <span class='ocrx_word' id='word_1_39' title='bbox 1200 743 1387 808; x_wconf 91' lang='grc' dir='ltr'><em>ΓΒΑ,</em></span> <span class='ocrx_word' id='word_1_40' title='bbox 1413 744 1609 794; x_wconf 92' lang='grc' dir='ltr'><em>ΑΒΔ·</em></span> <span class='ocrx_word' id='word_1_41' title='bbox 1649 739 1810 810; x_wconf 83' lang='grc' dir='ltr'><em>λέγω,</em></span> <span class='ocrx_word' id='word_1_42' title='bbox 1836 737 1919 794; x_wconf 82' lang='grc' dir='ltr'><em>ὅτι</em></span> 
     </span>
     <span class='ocr_line' id='line_1_11' title="bbox 222 824 1921 900; baseline 0 -17"><span class='ocrx_word' id='word_1_43' title='bbox 222 831 284 883; x_wconf 70' lang='grc' dir='ltr'><em>αἱ</em></span> <span class='ocrx_word' id='word_1_44' title='bbox 319 826 429 883; x_wconf 81' lang='grc' dir='ltr'><em>ὑπὸ</em></span> <span class='ocrx_word' id='word_1_45' title='bbox 470 833 655 899; x_wconf 89' lang='grc' dir='ltr'><em>ΓΒΑ,</em></span> <span class='ocrx_word' id='word_1_46' title='bbox 697 834 874 883; x_wconf 88' lang='grc' dir='ltr'><em>ΑΒΔ</em></span> <span class='ocrx_word' id='word_1_47' title='bbox 920 832 1122 898; x_wconf 82' lang='grc' dir='ltr'><em>γωνίαι</em></span> <span class='ocrx_word' id='word_1_48' title='bbox 1161 825 1286 900; x_wconf 77' lang='grc' dir='ltr'><em>ἤτοι</em></span> <span class='ocrx_word' id='word_1_49' title='bbox 1327 826 1431 883; x_wconf 82' lang='grc' dir='ltr'><em>δύο</em></span> <span class='ocrx_word' id='word_1_50' title='bbox 1482 825 1660 898; x_wconf 85' lang='grc' dir='ltr'><em>ὀρθαί</em></span> <span class='ocrx_word' id='word_1_51' title='bbox 1705 830 1848 883; x_wconf 88' lang='grc' dir='ltr'><em>εἰσιν</em></span> <span class='ocrx_word' id='word_1_52' title='bbox 1887 824 1921 898; x_wconf 81' lang='grc' dir='ltr'><em>ἢ</em></span> 
     </span>
     <span class='ocr_line' id='line_1_12' title="bbox 223 915 804 989; baseline -0.002 -17"><span class='ocrx_word' id='word_1_53' title='bbox 223 916 389 972; x_wconf 84' lang='grc' dir='ltr'><em>δυσὶν</em></span> <span class='ocrx_word' id='word_1_54' title='bbox 431 915 634 989; x_wconf 87' lang='grc' dir='ltr'><em>ὀρθαῖς</em></span> <span class='ocrx_word' id='word_1_55' title='bbox 673 923 804 972; x_wconf 77' lang='grc' dir='ltr'><em>ἴσαι.</em></span> 
     </span>
    </p>

    <p class='ocr_par' dir='ltr' id='par_1_8' title="bbox 224 998 1956 2320">
     <span class='ocr_line' id='line_1_13' title="bbox 335 998 1924 1078; baseline 0 -18"><span class='ocrx_word' id='word_1_56' title='bbox 335 1009 408 1060; x_wconf 72' lang='grc' dir='ltr'><em>Εἰ</em></span> <span class='ocrx_word' id='word_1_57' title='bbox 445 1005 548 1077; x_wconf 68' lang='grc' dir='ltr'><em>μὲν</em></span> <span class='ocrx_word' id='word_1_58' title='bbox 589 998 694 1061; x_wconf 76' lang='grc' dir='ltr'><em>οὖν</em></span> <span class='ocrx_word' id='word_1_59' title='bbox 735 1013 825 1076; x_wconf 64' lang='grc' dir='ltr'><em>ἴση</em></span> <span class='ocrx_word' id='word_1_60' title='bbox 861 1004 1012 1061; x_wconf 69' lang='grc' dir='ltr'><em>ἐστὶν</em></span> <span class='ocrx_word' id='word_1_61' title='bbox 1050 1002 1084 1077; x_wconf 82' lang='grc' dir='ltr'><em>ἡ</em></span> <span class='ocrx_word' id='word_1_62' title='bbox 1125 1002 1236 1062; x_wconf 75' lang='grc' dir='ltr'><em>ὑπὸ</em></span> <span class='ocrx_word' id='word_1_63' title='bbox 1279 1011 1444 1061; x_wconf 83' lang='grc' dir='ltr'><em>ΓΒΑ</em></span> <span class='ocrx_word' id='word_1_64' title='bbox 1482 1009 1547 1078; x_wconf 69' lang='grc' dir='ltr'><em>τῇ</em></span> <span class='ocrx_word' id='word_1_65' title='bbox 1587 1003 1697 1060; x_wconf 78' lang='grc' dir='ltr'><em>ὑπὸ</em></span> <span class='ocrx_word' id='word_1_66' title='bbox 1732 1011 1924 1075; x_wconf 82' lang='grc' dir='ltr'><em>ΑΒΔ,</em></span> 
     </span>
     <span class='ocr_line' id='line_1_14' title="bbox 226 1093 1926 1167; baseline 0 -17"><span class='ocrx_word' id='word_1_67' title='bbox 226 1093 330 1151; x_wconf 81' lang='grc' dir='ltr'><em>δύο</em></span> <span class='ocrx_word' id='word_1_68' title='bbox 374 1093 551 1167; x_wconf 88' lang='grc' dir='ltr'><em>ὀρθαί</em></span> <span class='ocrx_word' id='word_1_69' title='bbox 586 1099 744 1151; x_wconf 81' lang='grc' dir='ltr'><em>εἰσιν.</em></span> <span class='ocrx_word' id='word_1_70' title='bbox 799 1098 850 1150; x_wconf 85' lang='grc' dir='ltr'><em>εί</em></span> <span class='ocrx_word' id='word_1_71' title='bbox 888 1094 950 1150; x_wconf 76' lang='grc' dir='ltr'><em>δὲ</em></span> <span class='ocrx_word' id='word_1_72' title='bbox 992 1093 1080 1164; x_wconf 80' lang='grc' dir='ltr'><em>οὔ,</em></span> <span class='ocrx_word' id='word_1_73' title='bbox 1119 1093 1279 1165; x_wconf 82' lang='grc' dir='ltr'><em>ἤχθω</em></span> <span class='ocrx_word' id='word_1_74' title='bbox 1321 1093 1427 1149; x_wconf 80' lang='grc' dir='ltr'><em>ἀπὸ</em></span> <span class='ocrx_word' id='word_1_75' title='bbox 1469 1097 1571 1150; x_wconf 84' lang='grc' dir='ltr'><em>τοῦ</em></span> <span class='ocrx_word' id='word_1_76' title='bbox 1611 1100 1658 1149; x_wconf 92' lang='grc' dir='ltr'><strong><em>Β</em></strong></span> <span class='ocrx_word' id='word_1_77' title='bbox 1693 1099 1926 1165; x_wconf 86' lang='grc' dir='ltr'><em>σημείου</em></span> 
     </span>
     <span class='ocr_line' id='line_1_15' title="bbox 224 1179 1926 1258; baseline -0.001 -19"><span class='ocrx_word' id='word_1_78' title='bbox 224 1187 288 1257; x_wconf 82' lang='grc' dir='ltr'><em>τῇ</em></span> <span class='ocrx_word' id='word_1_79' title='bbox 314 1189 367 1240; x_wconf 95' lang='grc' dir='ltr'><em>Γ</em></span> <span class='ocrx_word' id='word_1_80' title='bbox 363 1192 418 1239; x_wconf 94' lang='grc' dir='ltr'><em>Δ</em></span> <span class='ocrx_word' id='word_1_81' title='bbox 444 1182 687 1258; x_wconf 78' lang='grc' dir='ltr'><em>[εὐθείᾳ]</em></span> <span class='ocrx_word' id='word_1_82' title='bbox 714 1182 853 1257; x_wconf 85' lang='grc' dir='ltr'><em>πρὸς</em></span> <span class='ocrx_word' id='word_1_83' title='bbox 893 1180 1073 1256; x_wconf 79' lang='grc' dir='ltr'><em>ὀρθὰς</em></span> <span class='ocrx_word' id='word_1_84' title='bbox 1111 1181 1145 1254; x_wconf 84' lang='grc' dir='ltr'>ἡ</span> <span class='ocrx_word' id='word_1_85' title='bbox 1182 1190 1309 1238; x_wconf 87' lang='grc' dir='ltr'><em>ΒΕ·</em></span> <span class='ocrx_word' id='word_1_86' title='bbox 1351 1186 1412 1238; x_wconf 78' lang='grc' dir='ltr'><em>αἱ</em></span> <span class='ocrx_word' id='word_1_87' title='bbox 1449 1182 1557 1254; x_wconf 73' lang='grc' dir='ltr'><em>ἄρα</em></span> <span class='ocrx_word' id='word_1_88' title='bbox 1596 1179 1704 1238; x_wconf 85' lang='grc' dir='ltr'><em>ὑπὸ</em></span> <span class='ocrx_word' id='word_1_89' title='bbox 1747 1187 1926 1254; x_wconf 92' lang='grc' dir='ltr'><em>ΓΒΕ,</em></span> 
     </span>
     <span class='ocr_line' id='line_1_16' title="bbox 230 1270 1927 1345; baseline -0.002 -17"><span class='ocrx_word' id='word_1_90' title='bbox 230 1279 396 1328; x_wconf 87' lang='grc' dir='ltr'><em>ΕΒΔ</em></span> <span class='ocrx_word' id='word_1_91' title='bbox 421 1272 526 1329; x_wconf 78' lang='grc' dir='ltr'><em>δύο</em></span> <span class='ocrx_word' id='word_1_92' title='bbox 567 1272 747 1345; x_wconf 86' lang='grc' dir='ltr'><em>ὀρθαί</em></span> <span class='ocrx_word' id='word_1_93' title='bbox 779 1275 945 1328; x_wconf 85' lang='grc' dir='ltr'><em>εἰσιν·</em></span> <span class='ocrx_word' id='word_1_94' title='bbox 985 1272 1078 1327; x_wconf 85' lang='grc' dir='ltr'><em>καὶ</em></span> <span class='ocrx_word' id='word_1_95' title='bbox 1113 1272 1227 1328; x_wconf 83' lang='grc' dir='ltr'><em>ἐπεὶ</em></span> <span class='ocrx_word' id='word_1_96' title='bbox 1261 1270 1295 1343; x_wconf 83' lang='grc' dir='ltr'>ἡ</span> <span class='ocrx_word' id='word_1_97' title='bbox 1328 1270 1438 1327; x_wconf 84' lang='grc' dir='ltr'><em>ὑπὸ</em></span> <span class='ocrx_word' id='word_1_98' title='bbox 1459 1276 1624 1327; x_wconf 91' lang='grc' dir='ltr'><em>ΓΒΕ</em></span> <span class='ocrx_word' id='word_1_99' title='bbox 1654 1271 1783 1326; x_wconf 84' lang='grc' dir='ltr'><em>δυσὶ</em></span> <span class='ocrx_word' id='word_1_100' title='bbox 1807 1282 1927 1337; x_wconf 84' lang='grc' dir='ltr'><em>ταῖς</em></span> 
     </span>
     <span class='ocr_line' id='line_1_17' title="bbox 226 1357 1926 1432; baseline -0.002 -15"><span class='ocrx_word' id='word_1_101' title='bbox 226 1359 334 1418; x_wconf 82' lang='grc' dir='ltr'><em>ὑπὸ</em></span> <span class='ocrx_word' id='word_1_102' title='bbox 377 1366 560 1432; x_wconf 92' lang='grc' dir='ltr'><em>ΓΒΑ,</em></span> <span class='ocrx_word' id='word_1_103' title='bbox 586 1367 757 1417; x_wconf 92' lang='grc' dir='ltr'><em>ΑΒΕ</em></span> <span class='ocrx_word' id='word_1_104' title='bbox 793 1368 885 1432; x_wconf 85' lang='grc' dir='ltr'><em>ἴση</em></span> <span class='ocrx_word' id='word_1_105' title='bbox 927 1363 1097 1432; x_wconf 82' lang='grc' dir='ltr'><em>ἐστίν,</em></span> <span class='ocrx_word' id='word_1_106' title='bbox 1144 1359 1306 1432; x_wconf 83' lang='grc' dir='ltr'><em>κοινὴ</em></span> <span class='ocrx_word' id='word_1_107' title='bbox 1348 1365 1702 1432; x_wconf 73' lang='grc' dir='ltr'><em>προσκείσθω</em></span> <span class='ocrx_word' id='word_1_108' title='bbox 1743 1357 1776 1430; x_wconf 82' lang='grc' dir='ltr'><em>ἡ</em></span> <span class='ocrx_word' id='word_1_109' title='bbox 1817 1357 1926 1415; x_wconf 85' lang='grc' dir='ltr'><em>ὑπὸ</em></span> 
     </span>
     <span class='ocr_line' id='line_1_18' title="bbox 230 1446 1928 1522; baseline -0.002 -17"><span class='ocrx_word' id='word_1_110' title='bbox 230 1456 417 1505; x_wconf 93' lang='grc' dir='ltr'><em>ΕΒΔ·</em></span> <span class='ocrx_word' id='word_1_111' title='bbox 461 1452 522 1504; x_wconf 79' lang='grc' dir='ltr'><em>αἱ</em></span> <span class='ocrx_word' id='word_1_112' title='bbox 558 1449 668 1522; x_wconf 78' lang='grc' dir='ltr'><em>ἄρα</em></span> <span class='ocrx_word' id='word_1_113' title='bbox 707 1447 816 1506; x_wconf 80' lang='grc' dir='ltr'><em>ὑπὸ</em></span> <span class='ocrx_word' id='word_1_114' title='bbox 850 1455 1030 1520; x_wconf 92' lang='grc' dir='ltr'><em>ΓΒΕ,</em></span> <span class='ocrx_word' id='word_1_115' title='bbox 1055 1454 1227 1504; x_wconf 93' lang='grc' dir='ltr'><em>ΕΒΔ</em></span> <span class='ocrx_word' id='word_1_116' title='bbox 1265 1449 1411 1521; x_wconf 84' lang='grc' dir='ltr'><em>τρισὶ</em></span> <span class='ocrx_word' id='word_1_117' title='bbox 1451 1461 1569 1515; x_wconf 82' lang='grc' dir='ltr'><em>ταῖς</em></span> <span class='ocrx_word' id='word_1_118' title='bbox 1607 1446 1718 1504; x_wconf 86' lang='grc' dir='ltr'><em>ὑπὸ</em></span> <span class='ocrx_word' id='word_1_119' title='bbox 1745 1452 1928 1518; x_wconf 93' lang='grc' dir='ltr'><em>ΓΒΑ,</em></span> 
     </span>
     <span class='ocr_line' id='line_1_19' title="bbox 236 1535 1930 1609; baseline -0.002 -14"><span class='ocrx_word' id='word_1_120' title='bbox 236 1545 412 1609; x_wconf 84' lang='grc' dir='ltr'><em>ΑΒΕ,</em></span> <span class='ocrx_word' id='word_1_121' title='bbox 437 1545 608 1594; x_wconf 91' lang='grc' dir='ltr'><em>ΕΒΔ</em></span> <span class='ocrx_word' id='word_1_122' title='bbox 640 1546 756 1594; x_wconf 74' lang='grc' dir='ltr'><em>ἴσαι</em></span> <span class='ocrx_word' id='word_1_123' title='bbox 796 1542 953 1594; x_wconf 86' lang='grc' dir='ltr'><em>εἰσίν.</em></span> <span class='ocrx_word' id='word_1_124' title='bbox 993 1537 1182 1607; x_wconf 77' lang='grc' dir='ltr'><em>πάλιν,</em></span> <span class='ocrx_word' id='word_1_125' title='bbox 1223 1538 1339 1593; x_wconf 82' lang='grc' dir='ltr'><em>ἐπεὶ</em></span> <span class='ocrx_word' id='word_1_126' title='bbox 1378 1536 1412 1609; x_wconf 81' lang='grc' dir='ltr'><em>ἡ</em></span> <span class='ocrx_word' id='word_1_127' title='bbox 1449 1535 1558 1593; x_wconf 83' lang='grc' dir='ltr'><em>ὑπὸ</em></span> <span class='ocrx_word' id='word_1_128' title='bbox 1595 1543 1769 1592; x_wconf 93' lang='grc' dir='ltr'><em>ΔΒΑ</em></span> <span class='ocrx_word' id='word_1_129' title='bbox 1801 1537 1930 1593; x_wconf 81' lang='grc' dir='ltr'><em>δυσὶ</em></span> 
     </span>
     <span class='ocr_line' id='line_1_20' title="bbox 227 1623 1928 1700; baseline 0 -18"><span class='ocrx_word' id='word_1_130' title='bbox 227 1639 347 1693; x_wconf 81' lang='grc' dir='ltr'><em>ταῖς</em></span> <span class='ocrx_word' id='word_1_131' title='bbox 385 1625 496 1684; x_wconf 83' lang='grc' dir='ltr'><em>ὑπὸ</em></span> <span class='ocrx_word' id='word_1_132' title='bbox 531 1634 715 1699; x_wconf 85' lang='grc' dir='ltr'><em>ΔΒΕ,</em></span> <span class='ocrx_word' id='word_1_133' title='bbox 756 1633 923 1682; x_wconf 92' lang='grc' dir='ltr'><em>ΕΒΑ</em></span> <span class='ocrx_word' id='word_1_134' title='bbox 956 1634 1048 1698; x_wconf 78' lang='grc' dir='ltr'><em>ἴση</em></span> <span class='ocrx_word' id='word_1_135' title='bbox 1091 1628 1261 1696; x_wconf 85' lang='grc' dir='ltr'><em>ἐστίν,</em></span> <span class='ocrx_word' id='word_1_136' title='bbox 1301 1624 1463 1698; x_wconf 85' lang='grc' dir='ltr'><em>κοινὴ</em></span> <span class='ocrx_word' id='word_1_137' title='bbox 1505 1630 1860 1700; x_wconf 77' lang='grc' dir='ltr'><em>προσκείσθω</em></span> <span class='ocrx_word' id='word_1_138' title='bbox 1894 1623 1928 1697; x_wconf 83' lang='grc' dir='ltr'><em>ἡ</em></span> 
     </span>
     <span class='ocr_line' id='line_1_21' title="bbox 228 1711 1928 1788; baseline -0.001 -16"><span class='ocrx_word' id='word_1_139' title='bbox 228 1714 338 1772; x_wconf 83' lang='grc' dir='ltr'><em>ὑπὸ</em></span> <span class='ocrx_word' id='word_1_140' title='bbox 380 1720 566 1771; x_wconf 91' lang='grc' dir='ltr'><em>ΑΒΓ·</em></span> <span class='ocrx_word' id='word_1_141' title='bbox 630 1718 692 1770; x_wconf 77' lang='grc' dir='ltr'><em>αἱ</em></span> <span class='ocrx_word' id='word_1_142' title='bbox 735 1714 844 1788; x_wconf 76' lang='grc' dir='ltr'><em>ἄρα</em></span> <span class='ocrx_word' id='word_1_143' title='bbox 891 1713 1001 1771; x_wconf 83' lang='grc' dir='ltr'><em>ὑπὸ</em></span> <span class='ocrx_word' id='word_1_144' title='bbox 1044 1720 1241 1786; x_wconf 91' lang='grc' dir='ltr'><em>ΔΒΑ,</em></span> <span class='ocrx_word' id='word_1_145' title='bbox 1263 1719 1436 1771; x_wconf 89' lang='grc' dir='ltr'><em>ΑΒΓ</em></span> <span class='ocrx_word' id='word_1_146' title='bbox 1473 1714 1621 1786; x_wconf 82' lang='grc' dir='ltr'><em>τρισὶ</em></span> <span class='ocrx_word' id='word_1_147' title='bbox 1660 1726 1781 1781; x_wconf 86' lang='grc' dir='ltr'><em>ταῖς</em></span> <span class='ocrx_word' id='word_1_148' title='bbox 1819 1711 1928 1770; x_wconf 82' lang='grc' dir='ltr'><em>ὑπὸ</em></span> 
     </span>
     <span class='ocr_line' id='line_1_22' title="bbox 231 1803 1935 1877; baseline -0.002 -17"><span class='ocrx_word' id='word_1_149' title='bbox 231 1811 419 1875; x_wconf 89' lang='grc' dir='ltr'><em>ΔΒΕ,</em></span> <span class='ocrx_word' id='word_1_150' title='bbox 449 1811 634 1875; x_wconf 87' lang='grc' dir='ltr'><em>ΕΒΑ,</em></span> <span class='ocrx_word' id='word_1_151' title='bbox 661 1810 833 1861; x_wconf 93' lang='grc' dir='ltr'><em>ΑΒΓ</em></span> <span class='ocrx_word' id='word_1_152' title='bbox 859 1812 974 1860; x_wconf 73' lang='grc' dir='ltr'><em>ἴσαι</em></span> <span class='ocrx_word' id='word_1_153' title='bbox 1015 1808 1173 1860; x_wconf 88' lang='grc' dir='ltr'><em>εἰσίν.</em></span> <span class='ocrx_word' id='word_1_154' title='bbox 1261 1807 1598 1877; x_wconf 77' lang='grc' dir='ltr'><em>ἐδείχθησαν</em></span> <span class='ocrx_word' id='word_1_155' title='bbox 1639 1803 1702 1859; x_wconf 76' lang='grc' dir='ltr'><em>δὲ</em></span> <span class='ocrx_word' id='word_1_156' title='bbox 1740 1803 1834 1859; x_wconf 87' lang='grc' dir='ltr'><em>καὶ</em></span> <span class='ocrx_word' id='word_1_157' title='bbox 1874 1805 1935 1858; x_wconf 76' lang='grc' dir='ltr'><em>αἱ</em></span> 
     </span>
     <span class='ocr_line' id='line_1_23' title="bbox 229 1890 1932 1966; baseline -0.002 -17"><span class='ocrx_word' id='word_1_158' title='bbox 229 1891 340 1949; x_wconf 78' lang='grc' dir='ltr'><em>ὑπὸ</em></span> <span class='ocrx_word' id='word_1_159' title='bbox 383 1898 564 1964; x_wconf 86' lang='grc' dir='ltr'><em>ΓΒΕ,</em></span> <span class='ocrx_word' id='word_1_160' title='bbox 608 1899 780 1948; x_wconf 91' lang='grc' dir='ltr'><em>ΕΒΔ</em></span> <span class='ocrx_word' id='word_1_161' title='bbox 823 1893 972 1963; x_wconf 83' lang='grc' dir='ltr'><em>τρισὶ</em></span> <span class='ocrx_word' id='word_1_162' title='bbox 1019 1903 1139 1957; x_wconf 87' lang='grc' dir='ltr'><em>ταῖς</em></span> <span class='ocrx_word' id='word_1_163' title='bbox 1179 1890 1377 1957; x_wconf 83' lang='grc' dir='ltr'><em>αὐταῖς</em></span> <span class='ocrx_word' id='word_1_164' title='bbox 1430 1899 1569 1947; x_wconf 80' lang='grc' dir='ltr'><em>ἴσαι·</em></span> <span class='ocrx_word' id='word_1_165' title='bbox 1623 1890 1690 1947; x_wconf 86' lang='grc' dir='ltr'><em>τὰ</em></span> <span class='ocrx_word' id='word_1_166' title='bbox 1740 1891 1803 1947; x_wconf 75' lang='grc' dir='ltr'><em>δὲ</em></span> <span class='ocrx_word' id='word_1_167' title='bbox 1855 1894 1932 1966; x_wconf 76' lang='grc' dir='ltr'><em>τῷ</em></span> 
     </span>
     <span class='ocr_line' id='line_1_24' title="bbox 232 1979 1934 2059; baseline -0.001 -21"><span class='ocrx_word' id='word_1_168' title='bbox 232 1980 382 2059; x_wconf 77' lang='grc' dir='ltr'><em>αὐτῷ</em></span> <span class='ocrx_word' id='word_1_169' title='bbox 435 1990 529 2038; x_wconf 79' lang='grc' dir='ltr'><em>ἴσα</em></span> <span class='ocrx_word' id='word_1_170' title='bbox 567 1983 659 2037; x_wconf 84' lang='grc' dir='ltr'><em>καὶ</em></span> <span class='ocrx_word' id='word_1_171' title='bbox 698 1980 961 2053; x_wconf 76' lang='grc' dir='ltr'><em>ἀλλήλοις</em></span> <span class='ocrx_word' id='word_1_172' title='bbox 1009 1981 1160 2038; x_wconf 84' lang='grc' dir='ltr'><em>ἐστὶν</em></span> <span class='ocrx_word' id='word_1_173' title='bbox 1209 1989 1322 2037; x_wconf 84' lang='grc' dir='ltr'><em>ἴσα·</em></span> <span class='ocrx_word' id='word_1_174' title='bbox 1374 1982 1466 2037; x_wconf 83' lang='grc' dir='ltr'><em>καὶ</em></span> <span class='ocrx_word' id='word_1_175' title='bbox 1506 1984 1569 2037; x_wconf 80' lang='grc' dir='ltr'><em>αἱ</em></span> <span class='ocrx_word' id='word_1_176' title='bbox 1602 1979 1713 2037; x_wconf 82' lang='grc' dir='ltr'><em>ὑπὸ</em></span> <span class='ocrx_word' id='word_1_177' title='bbox 1753 1985 1934 2050; x_wconf 90' lang='grc' dir='ltr'><em>ΓΒΕ,</em></span> 
     </span>
     <span class='ocr_line' id='line_1_25' title="bbox 236 2066 1935 2142; baseline -0.002 -16"><span class='ocrx_word' id='word_1_178' title='bbox 236 2077 408 2127; x_wconf 94' lang='grc' dir='ltr'><em>ΕΒΔ</em></span> <span class='ocrx_word' id='word_1_179' title='bbox 447 2069 557 2142; x_wconf 75' lang='grc' dir='ltr'><em>ἄρα</em></span> <span class='ocrx_word' id='word_1_180' title='bbox 603 2081 723 2135; x_wconf 85' lang='grc' dir='ltr'><em>ταῖς</em></span> <span class='ocrx_word' id='word_1_181' title='bbox 770 2068 880 2126; x_wconf 79' lang='grc' dir='ltr'><em>ὑπὸ</em></span> <span class='ocrx_word' id='word_1_182' title='bbox 935 2076 1127 2142; x_wconf 88' lang='grc' dir='ltr'><em>ΔΒΑ,</em></span> <span class='ocrx_word' id='word_1_183' title='bbox 1176 2075 1349 2126; x_wconf 93' lang='grc' dir='ltr'><em>ΑΒΓ</em></span> <span class='ocrx_word' id='word_1_184' title='bbox 1389 2077 1505 2125; x_wconf 76' lang='grc' dir='ltr'><em>ἴσαι</em></span> <span class='ocrx_word' id='word_1_185' title='bbox 1562 2074 1727 2126; x_wconf 81' lang='grc' dir='ltr'><em>εἰσίν·</em></span> <span class='ocrx_word' id='word_1_186' title='bbox 1792 2066 1935 2125; x_wconf 79' lang='grc' dir='ltr'><em>ἀλλὰ</em></span> 
     </span>
     <span class='ocr_line' id='line_1_26' title="bbox 235 2156 1956 2231; baseline -0.001 -17"><span class='ocrx_word' id='word_1_187' title='bbox 235 2162 297 2215; x_wconf 80' lang='grc' dir='ltr'><em>αἱ</em></span> <span class='ocrx_word' id='word_1_188' title='bbox 332 2156 443 2215; x_wconf 85' lang='grc' dir='ltr'><em>ὑπὸ</em></span> <span class='ocrx_word' id='word_1_189' title='bbox 476 2163 655 2229; x_wconf 90' lang='grc' dir='ltr'><em>ΓΒΕ,</em></span> <span class='ocrx_word' id='word_1_190' title='bbox 671 2165 842 2214; x_wconf 91' lang='grc' dir='ltr'><em>ΕΒΔ</em></span> <span class='ocrx_word' id='word_1_191' title='bbox 867 2158 972 2215; x_wconf 77' lang='grc' dir='ltr'><em>δύο</em></span> <span class='ocrx_word' id='word_1_192' title='bbox 1011 2156 1189 2231; x_wconf 90' lang='grc' dir='ltr'><em>ὀρθαί</em></span> <span class='ocrx_word' id='word_1_193' title='bbox 1216 2162 1382 2214; x_wconf 83' lang='grc' dir='ltr'><em>εἰσιν·</em></span> <span class='ocrx_word' id='word_1_194' title='bbox 1414 2158 1507 2213; x_wconf 81' lang='grc' dir='ltr'><em>καὶ</em></span> <span class='ocrx_word' id='word_1_195' title='bbox 1540 2161 1602 2213; x_wconf 81' lang='grc' dir='ltr'><em>αἱ</em></span> <span class='ocrx_word' id='word_1_196' title='bbox 1629 2156 1956 2227; x_wconf 62' lang='grc' dir='ltr'><em>ὑπὸΔΒΑ,ῑ</em></span> 
     </span>
     <span class='ocr_line' id='line_1_27' title="bbox 237 2246 1956 2320; baseline -0.002 -15"><span class='ocrx_word' id='word_1_197' title='bbox 237 2253 403 2305; x_wconf 91' lang='grc' dir='ltr'><em>ΑΒΓ</em></span> <span class='ocrx_word' id='word_1_198' title='bbox 436 2247 546 2320; x_wconf 75' lang='grc' dir='ltr'><em>ἄρα</em></span> <span class='ocrx_word' id='word_1_199' title='bbox 586 2248 753 2303; x_wconf 81' lang='grc' dir='ltr'><em>δυσὶν</em></span> <span class='ocrx_word' id='word_1_200' title='bbox 793 2246 995 2320; x_wconf 81' lang='grc' dir='ltr'><em>ὀρθαῖς</em></span> <span class='ocrx_word' id='word_1_201' title='bbox 1036 2255 1151 2303; x_wconf 74' lang='grc' dir='ltr'><em>ἴσαι</em></span> <span class='ocrx_word' id='word_1_202' title='bbox 1193 2251 1351 2304; x_wconf 83' lang='grc' dir='ltr'><em>εἰσίν.</em></span> <span class='ocrx_word' id='word_1_203' title='bbox 1954 2248 1956 2250; x_wconf 57' lang='grc'><strong>’</strong></span> 
     </span>
    </p>
   </div>
   <div class='ocr_carea' id='block_1_6' title="bbox 698 2334 1167 2359">
    <p class='ocr_par' dir='ltr' id='par_1_9' title="bbox 698 2334 1167 2359">
     <span class='ocr_line' id='line_1_28' title="bbox 698 2334 1167 2359; baseline 0.009 -4"><span class='ocrx_word' id='word_1_204' title='bbox 698 2334 1167 2359; x_wconf 55' lang='grc' dir='ltr'><em>θθθθθ</em></span> 
     </span>
    </p>
   </div>
   <div class='ocr_carea' id='block_1_7' title="bbox 266 2446 427 2450">
    <p class='ocr_par' dir='ltr' id='par_1_10' title="bbox 266 2446 427 2450">
     <span class='ocr_line' id='line_1_29' title="bbox 266 2446 427 2450; baseline 0 0"><span class='ocrx_word' id='word_1_205' title='bbox 266 2446 427 2450; x_wconf 95' lang='lat' dir='ltr'><em> </em></span> 
     </span>
    </p>
   </div>
   <div class='ocr_carea' id='block_1_8' title="bbox 236 2496 1956 2972">
    <p class='ocr_par' dir='ltr' id='par_1_11' title="bbox 236 2496 1956 2854">
     <span class='ocr_line' id='line_1_30' title="bbox 358 2496 1935 2568; baseline -0.001 -24"><span class='ocrx_word' id='word_1_206' title='bbox 358 2505 399 2544; x_wconf 97' lang='grc'><em>2.</em></span> <span class='ocrx_word' id='word_1_207' title='bbox 438 2496 572 2558; x_wconf 81' lang='grc' dir='ltr'><em>Ἐάν]</em></span> <span class='ocrx_word' id='word_1_208' title='bbox 616 2499 652 2543; x_wconf 92' lang='grc' dir='ltr'>Ρ</span> <span class='ocrx_word' id='word_1_209' title='bbox 684 2514 744 2543; x_wconf 87' lang='lat' dir='ltr'><em>m.</em></span> <span class='ocrx_word' id='word_1_210' title='bbox 771 2505 820 2554; x_wconf 88' lang='grc'><em>2,</em></span> <span class='ocrx_word' id='word_1_211' title='bbox 867 2500 1060 2545; x_wconf 83' lang='lat' dir='ltr'>Proolus</span> <span class='ocrx_word' id='word_1_212' title='bbox 1092 2515 1136 2557; x_wconf 87' lang='lat' dir='ltr'><em>p.</em></span> <span class='ocrx_word' id='word_1_213' title='bbox 1165 2504 1371 2555; x_wconf 81' lang='grc'><em>292,15,</em></span> <span class='ocrx_word' id='word_1_214' title='bbox 1419 2499 1602 2568; x_wconf 83' lang='lat' dir='ltr'><strong>Philop.</strong></span> <span class='ocrx_word' id='word_1_215' title='bbox 1635 2500 1686 2543; x_wconf 89' lang='lat' dir='ltr'><em>in</em></span> <span class='ocrx_word' id='word_1_216' title='bbox 1716 2500 1837 2543; x_wconf 80' lang='lat' dir='ltr'><strong>anal.</strong></span> <span class='ocrx_word' id='word_1_217' title='bbox 1872 2500 1935 2555; x_wconf 88' lang='grc' dir='ltr'><em>ΙΙ,</em></span> 
     </span>
     <span class='ocr_line' id='line_1_31' title="bbox 236 2558 1936 2631; baseline -0.001 -28"><span class='ocrx_word' id='word_1_218' title='bbox 236 2560 286 2603; x_wconf 87' lang='lat' dir='ltr'><em>in</em></span> <span class='ocrx_word' id='word_1_219' title='bbox 317 2559 360 2603; x_wconf 90' lang='lat' dir='ltr'><strong>V</strong></span> <span class='ocrx_word' id='word_1_220' title='bbox 401 2575 420 2603; x_wconf 87' lang='grc' dir='ltr'><em>ε</em></span> <span class='ocrx_word' id='word_1_221' title='bbox 463 2558 602 2603; x_wconf 86' lang='lat' dir='ltr'><strong>rubro</strong></span> <span class='ocrx_word' id='word_1_222' title='bbox 646 2559 800 2604; x_wconf 83' lang='lat' dir='ltr'>colore</span> <span class='ocrx_word' id='word_1_223' title='bbox 839 2559 1005 2616; x_wconf 80' lang='lat' dir='ltr'><strong>postea</strong></span> <span class='ocrx_word' id='word_1_224' title='bbox 1039 2558 1277 2615; x_wconf 75' lang='lat' dir='ltr'>additum,</span> <span class='ocrx_word' id='word_1_225' title='bbox 1316 2559 1371 2603; x_wconf 74' lang='lat' dir='ltr'><em>ut</em></span> <span class='ocrx_word' id='word_1_226' title='bbox 1403 2571 1544 2631; x_wconf 81' lang='lat' dir='ltr'><strong>saepe</strong></span> <span class='ocrx_word' id='word_1_227' title='bbox 1575 2560 1624 2604; x_wconf 89' lang='lat' dir='ltr'><em>in</em></span> <span class='ocrx_word' id='word_1_228' title='bbox 1655 2560 1745 2603; x_wconf 84' lang='lat' dir='ltr'><em>hoc</em></span> <span class='ocrx_word' id='word_1_229' title='bbox 1777 2558 1936 2603; x_wconf 75' lang='lat' dir='ltr'>codice</span> 
     </span>
     <span class='ocr_line' id='line_1_32' title="bbox 237 2613 1937 2675; baseline -0.001 -13"><span class='ocrx_word' id='word_1_230' title='bbox 237 2619 427 2664; x_wconf 72' lang='lat' dir='ltr'><em>litterae</em></span> <span class='ocrx_word' id='word_1_231' title='bbox 459 2617 687 2675; x_wconf 68' lang='grc' dir='ltr'><em>ἱῃὶίῐίειΙθε,</em></span> <span class='ocrx_word' id='word_1_232' title='bbox 736 2635 766 2662; x_wconf 87' lang='grc' dir='ltr'><em>α</em></span> <span class='ocrx_word' id='word_1_233' title='bbox 805 2617 855 2661; x_wconf 89' lang='lat' dir='ltr'><em>in</em></span> <span class='ocrx_word' id='word_1_234' title='bbox 886 2632 973 2662; x_wconf 82' lang='lat' dir='ltr'><strong>ras.</strong></span> <span class='ocrx_word' id='word_1_235' title='bbox 1010 2619 1110 2675; x_wconf 81' lang='lat' dir='ltr'><strong>(sed</strong></span> <span class='ocrx_word' id='word_1_236' title='bbox 1142 2618 1224 2662; x_wconf 85' lang='lat' dir='ltr'><strong>lin.</strong></span> <span class='ocrx_word' id='word_1_237' title='bbox 1257 2622 1315 2662; x_wconf 90' lang='grc'><em>24</em></span> <span class='ocrx_word' id='word_1_238' title='bbox 1347 2613 1409 2668; x_wconf 80' lang='grc' dir='ltr'><em>ὥς</em></span> <span class='ocrx_word' id='word_1_239' title='bbox 1441 2614 1546 2674; x_wconf 80' lang='grc' dir='ltr'><em>ἅν);</em></span> <span class='ocrx_word' id='word_1_240' title='bbox 1592 2634 1708 2662; x_wconf 84' lang='grc' dir='ltr'><em>οταν</em></span> <span class='ocrx_word' id='word_1_241' title='bbox 1740 2617 1776 2661; x_wconf 89' lang='grc' dir='ltr'><strong><em>Ρ</em></strong></span> <span class='ocrx_word' id='word_1_242' title='bbox 1808 2633 1867 2662; x_wconf 89' lang='lat' dir='ltr'><em>m.</em></span> <span class='ocrx_word' id='word_1_243' title='bbox 1899 2623 1937 2672; x_wconf 88' lang='lat'><em>1,</em></span> 
     </span>
     <span class='ocr_line' id='line_1_33' title="bbox 241 2673 1956 2735; baseline -0.001 -14"><span class='ocrx_word' id='word_1_244' title='bbox 241 2677 424 2735; x_wconf 87' lang='lat' dir='ltr'><strong>Philop.</strong></span> <span class='ocrx_word' id='word_1_245' title='bbox 457 2677 505 2721; x_wconf 91' lang='lat' dir='ltr'><em>in</em></span> <span class='ocrx_word' id='word_1_246' title='bbox 537 2677 694 2734; x_wconf 57' lang='lat' dir='ltr'><strong>phys:</strong></span> <span class='ocrx_word' id='word_1_247' title='bbox 742 2673 805 2728; x_wconf 79' lang='grc' dir='ltr'><em>ὡς</em></span> <span class='ocrx_word' id='word_1_248' title='bbox 836 2673 897 2721; x_wconf 80' lang='grc' dir='ltr'><em>ἄν</em></span> <span class='ocrx_word' id='word_1_249' title='bbox 936 2677 1097 2722; x_wconf 87' lang='lat' dir='ltr'>Theon</span> <span class='ocrx_word' id='word_1_250' title='bbox 1131 2676 1334 2735; x_wconf 87' lang='lat' dir='ltr'>(BFbp,</span> <span class='ocrx_word' id='word_1_251' title='bbox 1367 2677 1550 2722; x_wconf 81' lang='lat' dir='ltr'>Psellns</span> <span class='ocrx_word' id='word_1_252' title='bbox 1582 2678 1632 2722; x_wconf 76' lang='lat' dir='ltr'><em>et</em></span> <span class='ocrx_word' id='word_1_253' title='bbox 1663 2676 1761 2721; x_wconf 82' lang='lat' dir='ltr'>sine</span> <span class='ocrx_word' id='word_1_254' title='bbox 1794 2677 1956 2721; x_wconf 71' lang='lat' dir='ltr'>dubio</span> 
     </span>
     <span class='ocr_line' id='line_1_34' title="bbox 239 2733 1956 2794; baseline 0 -14"><span class='ocrx_word' id='word_1_255' title='bbox 239 2736 280 2780; x_wconf 92' lang='lat' dir='ltr'><strong>V</strong></span> <span class='ocrx_word' id='word_1_256' title='bbox 311 2751 371 2781; x_wconf 89' lang='lat' dir='ltr'><em>m.</em></span> <span class='ocrx_word' id='word_1_257' title='bbox 400 2739 469 2794; x_wconf 90' lang='lat'><em>1),</em></span> <span class='ocrx_word' id='word_1_258' title='bbox 510 2736 702 2782; x_wconf 81' lang='lat' dir='ltr'>Proolus</span> <span class='ocrx_word' id='word_1_259' title='bbox 742 2750 896 2782; x_wconf 82' lang='lat' dir='ltr'>errore</span> <span class='ocrx_word' id='word_1_260' title='bbox 935 2736 1119 2780; x_wconf 66' lang='lat' dir='ltr'>librarii</span> <span class='ocrx_word' id='word_1_261' title='bbox 1151 2753 1196 2793; x_wconf 90' lang='lat' dir='ltr'><em>p.</em></span> <span class='ocrx_word' id='word_1_262' title='bbox 1222 2742 1323 2793; x_wconf 85' lang='grc'><em>291,</em></span> <span class='ocrx_word' id='word_1_263' title='bbox 1341 2741 1412 2781; x_wconf 93' lang='grc' dir='ltr'><em>2.Ο</em></span> <span class='ocrx_word' id='word_1_264' title='bbox 1580 2742 1619 2781; x_wconf 94' lang='lat'><em>3.</em></span> <span class='ocrx_word' id='word_1_265' title='bbox 1656 2737 1791 2781; x_wconf 83' lang='grc' dir='ltr'><em>δυσίν</em></span> <span class='ocrx_word' id='word_1_266' title='bbox 1850 2733 1956 2780; x_wconf 78' lang='grc' dir='ltr'><em>δύο</em></span> 
     </span>
     <span class='ocr_line' id='line_1_35' title="bbox 239 2791 1742 2856; baseline -0.001 -16"><span class='ocrx_word' id='word_1_267' title='bbox 239 2795 445 2842; x_wconf 84' lang='lat' dir='ltr'><strong>Proclus.</strong></span> <span class='ocrx_word' id='word_1_268' title='bbox 586 2801 653 2840; x_wconf 91' lang='grc'><em>10.</em></span> <span class='ocrx_word' id='word_1_269' title='bbox 688 2792 764 2854; x_wconf 82' lang='grc' dir='ltr'><em>οὗ]</em></span> <span class='ocrx_word' id='word_1_270' title='bbox 797 2798 908 2853; x_wconf 71' lang='lat' dir='ltr'><strong>post</strong></span> <span class='ocrx_word' id='word_1_271' title='bbox 938 2809 1026 2840; x_wconf 84' lang='lat' dir='ltr'><strong>ras.</strong></span> <span class='ocrx_word' id='word_1_272' title='bbox 1064 2802 1086 2840; x_wconf 88' lang='lat'>1</span> <span class='ocrx_word' id='word_1_273' title='bbox 1121 2795 1213 2840; x_wconf 72' lang='lat' dir='ltr'><strong>litt.</strong></span> <span class='ocrx_word' id='word_1_274' title='bbox 1246 2795 1300 2839; x_wconf 93' lang='lat' dir='ltr'><em>V.</em></span> <span class='ocrx_word' id='word_1_275' title='bbox 1442 2801 1511 2841; x_wconf 90' lang='lat'><em>11</em></span> <span class='ocrx_word' id='word_1_276' title='bbox 1546 2791 1742 2856; x_wconf 77' lang='grc' dir='ltr'><em>εὐθείᾳ]</em></span> 
     </span>
    </p>

    <p class='ocr_par' dir='ltr' id='par_1_12' title="bbox 240 2809 1956 2972">
     <span class='ocr_line' id='line_1_36' title="bbox 240 2809 1924 2914; baseline 0 -16"><span class='ocrx_word' id='word_1_277' title='bbox 240 2870 301 2900; x_wconf 92' lang='lat' dir='ltr'><strong>m</strong></span> <span class='ocrx_word' id='word_1_278' title='bbox 331 2860 378 2909; x_wconf 84' lang='lat'><em>13</em></span> <span class='ocrx_word' id='word_1_279' title='bbox 411 2870 500 2901; x_wconf 88' lang='lat' dir='ltr'><em>om.</em></span> <span class='ocrx_word' id='word_1_280' title='bbox 536 2854 761 2912; x_wconf 84' lang='lat' dir='ltr'><strong>BFpr.</strong></span> <span class='ocrx_word' id='word_1_281' title='bbox 917 2860 984 2900; x_wconf 91' lang='grc'><em>12.</em></span> <span class='ocrx_word' id='word_1_282' title='bbox 1021 2854 1160 2914; x_wconf 83' lang='grc' dir='ltr'><em>εἰσιν]</em></span> <span class='ocrx_word' id='word_1_283' title='bbox 1194 2855 1245 2911; x_wconf 90' lang='grc' dir='ltr'><em>Ρ,</em></span> <span class='ocrx_word' id='word_1_284' title='bbox 1279 2853 1370 2900; x_wconf 83' lang='grc' dir='ltr'><em>εἰσι</em></span> <span class='ocrx_word' id='word_1_285' title='bbox 1399 2855 1558 2913; x_wconf 87' lang='lat' dir='ltr'><strong>uulgo.</strong></span> <span class='ocrx_word' id='word_1_286' title='bbox 1684 2860 1753 2899; x_wconf 91' lang='lat'><em>13.</em></span> <span class='ocrx_word' id='word_1_287' title='bbox 1789 2809 1924 2899; x_wconf 76' lang='grc' dir='ltr'><em>ἐστίν</em></span> 
     </span>
     <span class='ocr_line' id='line_1_37' title="bbox 240 2911 1956 2972; baseline -0.001 -14"><span class='ocrx_word' id='word_1_288' title='bbox 240 2914 291 2969; x_wconf 89' lang='lat' dir='ltr'><em>P,</em></span> <span class='ocrx_word' id='word_1_289' title='bbox 332 2911 436 2959; x_wconf 81' lang='grc' dir='ltr'><em>ἐστι’</em></span> <span class='ocrx_word' id='word_1_290' title='bbox 462 2915 619 2971; x_wconf 80' lang='lat' dir='ltr'><strong>uulgo.</strong></span> <span class='ocrx_word' id='word_1_291' title='bbox 777 2920 843 2959; x_wconf 86' lang='lat'><em>14.</em></span> <span class='ocrx_word' id='word_1_292' title='bbox 886 2915 1032 2972; x_wconf 86' lang='grc' dir='ltr'><em>τρισί]</em></span> <span class='ocrx_word' id='word_1_293' title='bbox 1077 2928 1132 2958; x_wconf 86' lang='lat' dir='ltr'><em>ex</em></span> <span class='ocrx_word' id='word_1_294' title='bbox 1163 2916 1312 2971; x_wconf 85' lang='grc' dir='ltr'><em>τρισίν</em></span> <span class='ocrx_word' id='word_1_295' title='bbox 1341 2930 1403 2960; x_wconf 88' lang='lat' dir='ltr'><em>m.</em></span> <span class='ocrx_word' id='word_1_296' title='bbox 1429 2919 1454 2959; x_wconf 93' lang='grc'><em>2</em></span> <span class='ocrx_word' id='word_1_297' title='bbox 1488 2915 1538 2958; x_wconf 92' lang='grc' dir='ltr'><em>Ρ.</em></span> <span class='ocrx_word' id='word_1_298' title='bbox 1693 2919 1762 2958; x_wconf 84' lang='grc'><em>15.</em></span> <span class='ocrx_word' id='word_1_299' title='bbox 1797 2911 1916 2958; x_wconf 84' lang='grc' dir='ltr'><em>εἰσίν</em></span> <span class='ocrx_word' id='word_1_300' title='bbox 1953 2944 1956 2945; x_wconf 31' lang='lat'><em>⁷</em></span> 
     </span>
    </p>
   </div>
  </div>
 </body>
</html>
