1956 3074
114 1036 168 1076 10

113 1478 167 1519 15

113 1921 169 1962 20

112 2363 168 2404 25

204 103 310 156 156
834 105 1172 148 ZTOIXEmN
1203 101 1266 164 β’.

200 225 329 293 ἕχον
383 220 486 293 τὴν
533 219 643 277 ὑπὸ
684 227 871 293 ΒΑΓ,
925 222 1019 278 καὶ
1064 222 1226 294 ἤχθω
1275 221 1383 279 ἀπὸ
1435 227 1536 278 τοῦ
1576 229 1623 278 Β
1664 227 1898 294 σημείου

200 309 288 365 ἐπὶ
325 308 429 381 τὴν
475 314 578 365 ΓΛ
623 312 994 382 ἐκβληθεῖσαν
1045 310 1284 376 κάθετος
1323 308 1357 381 ἡ
1398 316 1524 366 ΒΔ.
1601 312 1769 382 λέγω,
1811 310 1899 367 ὅτι

199 397 262 454 τὸ
304 396 414 454 ἀπὸ
455 401 552 470 τῆς
590 404 700 455 ΒΓ
731 397 1082 471 τετράγωνον
1123 398 1311 471 μεῖζόν
1352 401 1464 455 ἐστι
1495 403 1610 455 τῶν
1642 399 1750 456 ἀπὸ
1783 404 1897 456 τῶν

200 493 335 558 ΒΛ,
376 493 492 543 ΑΓ
513 486 879 561 τετραγώνων
918 490 994 563 τῷ
1035 487 1122 552 δὶς
1145 483 1255 542 ὑπὸ
1288 491 1401 542 τῶν
1433 493 1558 559 ΓΑ,
1600 496 1652 543 A
1662 496 1717 543 A
1747 510 1897 561 περι-

200 577 445 650 εχομένῳ
486 574 838 651 ὀρθογωνίῳ.

307 661 457 719 Ἐπεὶ
496 662 602 736 γὰρ
643 661 840 719 εὐθεῖα
878 660 913 734 ἡ
954 668 1057 719 ΓΛ
1087 664 1362 735 τέτμηται,
1403 662 1478 731 ὡς
1510 668 1719 738 ἔτυχεν,
1758 666 1895 722 κατὰ

198 750 262 807 τὸ
315 759 365 807 Λ
411 763 667 823 σημεῖον,
722 751 785 808 τὸ
837 751 947 825 ἄρα
991 750 1101 807 ἀπὸ
1148 756 1244 824 τῆς
1293 757 1411 807 ΔΓ
1450 761 1577 809 ἴσον
1622 755 1736 810 ἐστὶ
1782 766 1899 821 τοῖς

199 837 310 895 ἀπὸ
351 843 465 896 τών
504 844 629 911 ΓΑ,
684 840 1210 913 ΑΔτετραγώνοις
1255 842 1347 896 καὶ
1394 845 1470 918 τῷ
1511 843 1597 908 δὶς
1634 841 1744 899 ὑπὸ
1784 846 1897 899 τῶν

200 932 327 1000 ΓΑ,
360 932 490 984 ΛΔ
510 931 882 1006 περιεχομένῳ
915 928 1264 1005 ὀρθογωνίῳ.
1311 930 1510 987 κοινὸν
1541 936 1897 1004 προσκείσθω

201 1017 266 1073 τὸ
308 1015 418 1074 ἀπὸ
457 1022 555 1090 τῆς
595 1024 737 1074 ΔΒ·
775 1017 842 1073 τὰ
883 1016 995 1091 ἄρα
1033 1016 1144 1073 ἀπὸ
1184 1027 1297 1074 τῶν
1334 1024 1463 1090 ΓΔ,
1505 1026 1615 1075 ΔΒ
1650 1027 1743 1077 ἴσα
1783 1022 1898 1077 ἐστὶ

198 1117 316 1172 τοῖς
359 1128 418 1162 τε
457 1103 566 1161 ἀπὸ
607 1109 721 1162 τῶν
761 1110 893 1176 ΓΑ,
940 1112 1080 1177 ΑΔ,
1133 1112 1243 1160 ΛΒ
1282 1106 1652 1179 τετραγώνοις
1689 1110 1781 1165 καὶ
1820 1112 1897 1186 τῷ

200 1195 287 1260 δὶς
325 1192 434 1251 ὑπὸ
467 1197 580 1251 τῶν
605 1199 723 1265 ΓΑ,
762 1201 880 1249 ΑΔ
913 1196 1306 1271 [περιεχομένῳ
1340 1194 1716 1273 ὀρθογωνίῳ].
1756 1197 1900 1255 ἀλλά

199 1291 315 1348 τοῖς
354 1283 457 1354 μὲν
495 1281 604 1338 ἀπὸ
646 1285 760 1339 τῶν
791 1288 913 1353 ΓΔ,
955 1289 1066 1338 ΔΒ
1101 1291 1227 1339 ἴσον
1259 1285 1374 1339 ἐστὶ
1405 1284 1467 1340 τὸ
1501 1283 1609 1341 ἀπὸ
1642 1289 1738 1357 τῆς
1770 1292 1898 1343 ΓΒ·

201 1369 349 1444 ὀρθὴ
389 1369 496 1443 γὰρ
536 1369 571 1442 ἡ
610 1371 750 1444 πρὸς
786 1375 863 1445 τῷ
891 1378 946 1427 Δ
968 1375 1178 1443 γωνία·
1217 1384 1333 1438 τοῖς
1372 1373 1434 1428 δὲ
1472 1373 1580 1430 ἀπὸ
1619 1378 1731 1430 τῶν
1772 1383 1899 1444 ΑΔ,

202 1466 314 1515 ΔΒ
362 1467 488 1515 ἴσον
538 1458 601 1515 τὸ
642 1457 751 1515 ἀπὸ
792 1463 890 1531 τῆς
928 1466 1071 1515 ΑΒ·
1140 1459 1202 1516 τὸ
1244 1459 1354 1534 ἄρα
1393 1459 1503 1518 ἀπὸ
1545 1465 1640 1534 τῆς
1678 1468 1781 1519 ΓΒ
1818 1485 1899 1519 τε·

198 1547 495 1621 τράγωνον
536 1555 663 1605 ἴσον
703 1548 819 1604 ἐστὶ
856 1560 974 1615 τοῖς
1011 1570 1069 1605 τε
1108 1547 1218 1605 ἀπὸ
1258 1553 1372 1606 τῶν
1411 1555 1530 1622 ΓΑ,
1571 1558 1680 1607 ΑΒ
1712 1574 1899 1625 τετρα-

199 1637 405 1709 γώνοις
458 1637 551 1692 καὶ
603 1641 680 1714 τῷ
730 1637 818 1704 δὶς
862 1635 973 1694 ὑπὸ
1019 1641 1131 1694 τῶν
1178 1643 1304 1710 ΓΑ,
1358 1646 1477 1695 ΑΔ
1525 1642 1897 1716 περιεχομένῳ

202 1724 567 1801 ὀρθογωνίῳ·
638 1724 779 1782 ὥστε
825 1726 888 1782 τὸ
938 1724 1046 1782 ἀπὸ
1094 1729 1192 1798 τῆς
1238 1731 1339 1783 ΓΒ
1385 1727 1738 1802 τετράγωνον
1782 1733 1898 1786 τῶν

200 1812 308 1871 ἀπὸ
349 1817 461 1870 τῶν
486 1819 604 1886 ΓΑ,
643 1823 695 1871 Α
706 1821 752 1871 Β
784 1814 1150 1889 τετραγώνων
1188 1815 1377 1886 μεῖζόν
1411 1817 1633 1894 ἐστιτῷ
1669 1818 1755 1883 δὶς
1786 1817 1896 1876 ὑπὸ

200 1906 312 1958 τῶν
353 1908 471 1974 ΓΑ,
513 1911 629 1960 ΑΔ
668 1906 1039 1980 περιεχομένῳ
1081 1903 1432 1980 ὀρθογωνίῳ.

298 1990 392 2047 Ἐν
416 1991 526 2064 ἄρα
549 2004 667 2059 τοῖς
690 1992 1103 2065 ἀμβλυγωνίοις
1125 1994 1421 2066 τριγώνοις
1443 1992 1506 2050 τὸ
1532 1993 1642 2050 ἀπὸ
1675 1999 1772 2068 τῆς
1794 1997 1899 2068 τὴν

201 2078 471 2153 ἀμβλεῖαν
488 2086 702 2152 γωνίαν
720 2080 1127 2154 ὑποτεινούσης
1148 2086 1391 2155 πλευρᾶς
1414 2083 1768 2156 τετράγωνον
1785 2096 1898 2156 μεῖ-

203 2168 298 2236 ζόν
338 2170 452 2225 ἐστι
483 2178 596 2226 τῶν
636 2168 744 2226 ἀπὸ
784 2174 898 2225 τῶν
929 2169 1032 2242 τὴν
1066 2169 1336 2242 ἀμβλεῖαν
1368 2177 1584 2243 γωνίαν
1613 2192 1897 2246 περιεχου-

202 2262 319 2315 σῶν
373 2262 632 2331 πλευρῶν
686 2258 1051 2331 τετραγώνων
1097 2262 1172 2334 τῷ
1225 2262 1597 2336 περιεχομένῳ
1646 2261 1733 2327 δὶς
1785 2259 1896 2317 ὑπό

200 2369 258 2402 τε
312 2351 440 2418 μιᾶς
485 2350 601 2403 τῶν
646 2348 772 2420 περὶ
817 2346 920 2419 τὴν
967 2346 1239 2419 ἀμβλεῖαν
1285 2354 1525 2420 γωνίαν,
1581 2347 1667 2420 ἐφ’
1727 2347 1799 2420 ἣν
1857 2347 1892 2421 ἡ

200 2433 439 2501 κάθετος
486 2439 687 2507 πίπτει,
734 2437 826 2492 καὶ
865 2439 962 2507 τῆς
1001 2435 1539 2509 ἀπολαμβανομένης
1586 2437 1739 2504 ἐκτὸς
1786 2436 1896 2494 ὑπὸ

199 2526 297 2595 τῆς
327 2525 572 2580 καθέτου
610 2524 749 2598 πρὸς
779 2528 845 2597 τῇ
879 2523 1116 2599 ἀμβλείᾳ
1147 2530 1347 2600 γωνίᾳ·
1388 2523 1523 2598 ὅπερ
1557 2530 1669 2582 ἔδει
1709 2528 1898 2594 δεῖξαι.

323 2722 360 2760 1.
394 2713 502 2775 τήν]
534 2716 606 2761 bis
638 2717 688 2761 P.
814 2720 952 2761 ΒΑΓ
978 2719 1155 2773 γωνίαν
1188 2718 1241 2764 V.
1365 2723 1405 2762 2.
1441 2714 1728 2778 ἐκβληθεῖσα
1758 2733 1803 2775 p.

201 2780 240 2820 3.
276 2771 403 2820 ἐστιν
434 2776 490 2820 V.
614 2781 655 2820 4.
689 2776 800 2834 τῶν]
837 2790 926 2823 om.
960 2777 1009 2820 Β.
1134 2782 1174 2821 6.
1210 2777 1340 2834 ἔτυχε
1367 2777 1464 2834 Vp.
1588 2778 1707 2835 ΔΓ]
1744 2780 1827 2822 ΓΔ
1858 2777 1895 2822 Ρ

200 2835 249 2878 et
278 2833 322 2877 V
353 2850 414 2878 m.
443 2839 480 2880 1.
621 2839 661 2878 8.
695 2835 781 2894 τῷ]
814 2836 907 2880 τῶν
939 2836 993 2880 V.
1119 2842 1158 2880 9.
1193 2831 1488 2892 ὀρθογώνιον
1520 2836 1585 2890 V;
1618 2850 1732 2882 corr.
1765 2852 1825 2882 m.
1852 2841 1893 2881 2.

262 2897 331 2940 10.
366 2894 474 2951 ΔΒ]
508 2898 598 2937 ΒΔ
629 2894 679 2938 F.
804 2892 928 2939 ἐστίν
962 2893 1061 2938 FV.
1188 2900 1256 2939 11.
1289 2891 1618 2953 τετραγώνοις]
1653 2908 1740 2940 om.
1776 2895 1872 2939 BF.
