<?xml version="1.0" encoding="UTF-8"?>
<!DOCTYPE html PUBLIC "-//W3C//DTD XHTML 1.0 Transitional//EN"
    "http://www.w3.org/TR/xhtml1/DTD/xhtml1-transitional.dtd">
<html xmlns="http://www.w3.org/1999/xhtml" xml:lang="en" lang="en">
 <head>
  <title>
</title>
<meta http-equiv="Content-Type" content="text/html;charset=utf-8" />
  <meta name='ocr-system' content='tesseract 3.04.00' />
  <meta name='ocr-capabilities' content='ocr_page ocr_carea ocr_par ocr_line ocrx_word'/>
</head>
<body>
  <div class='ocr_page' id='page_1' title='image "./euclidisoperaomn01eucluoft_0284.png"; bbox 0 0 1956 3074; ppageno 0'>
   <div class='ocr_carea' id='block_1_1' title="bbox 107 637 1897 2728">
    <p class='ocr_par' dir='ltr' id='par_1_1' title="bbox 947 637 1143 850">
     <span class='ocr_line' id='line_1_1' title="bbox 1010 637 1089 698; baseline -0.038 0"><span class='ocrx_word' id='word_1_1' title='bbox 1010 637 1089 698; x_wconf 78' lang='grc' dir='ltr'><strong><em>δ’.</em></strong></span> 
     </span>
     <span class='ocr_line' id='line_1_2' title="bbox 947 777 1143 850; baseline 0.005 -16"><span class='ocrx_word' id='word_1_2' title='bbox 947 777 1143 850; x_wconf 85' lang='grc' dir='ltr'><strong><em>Ὅροι.</em></strong></span> 
     </span>
    </p>

    <p class='ocr_par' dir='ltr' id='par_1_2' title="bbox 198 879 1897 1133">
     <span class='ocr_line' id='line_1_3' title="bbox 311 879 1895 955; baseline -0.001 -17"><span class='ocrx_word' id='word_1_3' title='bbox 311 882 383 938; x_wconf 85' lang='grc' dir='ltr'><strong><em>α’.</em></strong></span> <span class='ocrx_word' id='word_1_4' title='bbox 438 885 639 955; x_wconf 85' lang='grc' dir='ltr'><strong><em>Σχῆμα</em></strong></span> <span class='ocrx_word' id='word_1_5' title='bbox 680 880 1086 955; x_wconf 80' lang='grc' dir='ltr'><strong><em>εὐθύγραμμον</em></strong></span> <span class='ocrx_word' id='word_1_6' title='bbox 1133 885 1227 948; x_wconf 87' lang='grc' dir='ltr'><strong><em>εἰς</em></strong></span> <span class='ocrx_word' id='word_1_7' title='bbox 1267 885 1478 955; x_wconf 68' lang='grc' dir='ltr'><strong><em>σχῐμα</em></strong></span> <span class='ocrx_word' id='word_1_8' title='bbox 1517 879 1895 955; x_wconf 84' lang='grc' dir='ltr'><strong><em>εὐθύγραμ-</em></strong></span> 
     </span>
     <span class='ocr_line' id='line_1_4' title="bbox 198 969 1895 1044; baseline 0 -17"><span class='ocrx_word' id='word_1_9' title='bbox 198 992 322 1042; x_wconf 87' lang='grc' dir='ltr'><strong><em>μον</em></strong></span> <span class='ocrx_word' id='word_1_10' title='bbox 378 970 839 1044; x_wconf 76' lang='grc' dir='ltr'><em>ἐγγράφεσθαι</em></span> <span class='ocrx_word' id='word_1_11' title='bbox 892 971 1134 1042; x_wconf 85' lang='grc' dir='ltr'><strong><em>λέγεται,</em></strong></span> <span class='ocrx_word' id='word_1_12' title='bbox 1189 969 1327 1027; x_wconf 80' lang='grc' dir='ltr'><strong><em>ὅταν</em></strong></span> <span class='ocrx_word' id='word_1_13' title='bbox 1382 969 1582 1042; x_wconf 89' lang='grc' dir='ltr'><strong><em>ἑκάστη</em></strong></span> <span class='ocrx_word' id='word_1_14' title='bbox 1632 974 1747 1027; x_wconf 76' lang='grc' dir='ltr'><strong><em>τῶν</em></strong></span> <span class='ocrx_word' id='word_1_15' title='bbox 1793 973 1895 1027; x_wconf 85' lang='grc' dir='ltr'><strong><em>τοῦ</em></strong></span> 
     </span>
     <span class='ocr_line' id='line_1_5' title="bbox 199 1058 1897 1133; baseline 0.001 -18"><span class='ocrx_word' id='word_1_16' title='bbox 199 1060 624 1133; x_wconf 76' lang='grc' dir='ltr'><strong><em>ἐγγραφομένου</em></strong></span> <span class='ocrx_word' id='word_1_17' title='bbox 663 1058 941 1132; x_wconf 80' lang='grc' dir='ltr'><strong><em>σχήματος</em></strong></span> <span class='ocrx_word' id='word_1_18' title='bbox 977 1063 1203 1131; x_wconf 74' lang='grc' dir='ltr'><strong><em>γωνιῶν</em></strong></span> <span class='ocrx_word' id='word_1_19' title='bbox 1244 1059 1475 1130; x_wconf 81' lang='grc' dir='ltr'><strong><em>ἑκάστης</em></strong></span> <span class='ocrx_word' id='word_1_20' title='bbox 1505 1062 1747 1130; x_wconf 82' lang='grc' dir='ltr'><strong><em>πλευρᾶς</em></strong></span> <span class='ocrx_word' id='word_1_21' title='bbox 1775 1062 1897 1128; x_wconf 86' lang='grc' dir='ltr'><strong><em>τοῦ,</em></strong></span> 
     </span>
    </p>

    <p class='ocr_par' dir='ltr' id='par_1_3' title="bbox 139 1145 1032 1220">
     <span class='ocr_line' id='line_1_6' title="bbox 139 1145 1032 1220; baseline -0.002 -15"><span class='ocrx_word' id='word_1_22' title='bbox 139 1157 166 1197; x_wconf 85' lang='grc'>5</span> <span class='ocrx_word' id='word_1_23' title='bbox 199 1152 280 1214; x_wconf 84' lang='grc' dir='ltr'><strong><em>εἰς</em></strong></span> <span class='ocrx_word' id='word_1_24' title='bbox 318 1145 348 1205; x_wconf 82' lang='grc' dir='ltr'>ὃ</span> <span class='ocrx_word' id='word_1_25' title='bbox 391 1147 743 1220; x_wconf 90' lang='grc' dir='ltr'><strong><em>ἐγγράφεται,</em></strong></span> <span class='ocrx_word' id='word_1_26' title='bbox 784 1146 1032 1219; x_wconf 81' lang='grc' dir='ltr'><strong><em>ἅπτηται.</em></strong></span> 
     </span>
    </p>

    <p class='ocr_par' dir='ltr' id='par_1_4' title="bbox 198 1235 1897 1574">
     <span class='ocr_line' id='line_1_7' title="bbox 310 1235 1893 1309; baseline -0.001 -16"><span class='ocrx_word' id='word_1_27' title='bbox 310 1237 384 1308; x_wconf 84' lang='grc' dir='ltr'><strong><em>β’.</em></strong></span> <span class='ocrx_word' id='word_1_28' title='bbox 447 1241 649 1309; x_wconf 84' lang='grc' dir='ltr'><strong><em>Σχῆμα</em></strong></span> <span class='ocrx_word' id='word_1_29' title='bbox 711 1237 774 1293; x_wconf 76' lang='grc' dir='ltr'><strong><em>δὲ</em></strong></span> <span class='ocrx_word' id='word_1_30' title='bbox 834 1235 1040 1308; x_wconf 89' lang='grc' dir='ltr'><strong><em>ὁμοίως</em></strong></span> <span class='ocrx_word' id='word_1_31' title='bbox 1100 1238 1252 1309; x_wconf 88' lang='grc' dir='ltr'><strong><em>περὶ</em></strong></span> <span class='ocrx_word' id='word_1_32' title='bbox 1318 1240 1529 1309; x_wconf 83' lang='grc' dir='ltr'><strong><em>σχῆμα</em></strong></span> <span class='ocrx_word' id='word_1_33' title='bbox 1582 1235 1893 1309; x_wconf 88' lang='grc' dir='ltr'><strong><em>περιγρά-</em></strong></span> 
     </span>
     <span class='ocr_line' id='line_1_8' title="bbox 198 1323 1895 1399; baseline -0.001 -17"><span class='ocrx_word' id='word_1_34' title='bbox 198 1333 449 1397; x_wconf 84' lang='grc' dir='ltr'><strong><em>φεσθαι</em></strong></span> <span class='ocrx_word' id='word_1_35' title='bbox 495 1326 780 1397; x_wconf 83' lang='grc' dir='ltr'><strong><em>λέγεται,</em></strong></span> <span class='ocrx_word' id='word_1_36' title='bbox 829 1323 968 1382; x_wconf 82' lang='grc' dir='ltr'><strong><em>ὅταν</em></strong></span> <span class='ocrx_word' id='word_1_37' title='bbox 1014 1325 1213 1396; x_wconf 90' lang='grc' dir='ltr'><strong><em>ἑκάστη</em></strong></span> <span class='ocrx_word' id='word_1_38' title='bbox 1255 1324 1464 1399; x_wconf 77' lang='grc' dir='ltr'><strong><em>πλευρὰ</em></strong></span> <span class='ocrx_word' id='word_1_39' title='bbox 1496 1329 1598 1381; x_wconf 84' lang='grc' dir='ltr'><strong><em>τοῦ</em></strong></span> <span class='ocrx_word' id='word_1_40' title='bbox 1636 1344 1895 1398; x_wconf 85' lang='grc' dir='ltr'><strong><em>περιγρα-</em></strong></span> 
     </span>
     <span class='ocr_line' id='line_1_9' title="bbox 198 1412 1897 1489; baseline -0.001 -19"><span class='ocrx_word' id='word_1_41' title='bbox 198 1415 452 1486; x_wconf 86' lang='grc' dir='ltr'><strong><em>φομένου</em></strong></span> <span class='ocrx_word' id='word_1_42' title='bbox 506 1414 738 1486; x_wconf 79' lang='grc' dir='ltr'><strong><em>ἑκάστης</em></strong></span> <span class='ocrx_word' id='word_1_43' title='bbox 793 1419 999 1485; x_wconf 86' lang='grc' dir='ltr'><strong><em>γωνίας</em></strong></span> <span class='ocrx_word' id='word_1_44' title='bbox 1044 1418 1172 1485; x_wconf 86' lang='grc' dir='ltr'><strong><em>τοῦ,</em></strong></span> <span class='ocrx_word' id='word_1_45' title='bbox 1226 1415 1351 1489; x_wconf 79' lang='grc' dir='ltr'><strong><em>περὶ</em></strong></span> <span class='ocrx_word' id='word_1_46' title='bbox 1403 1412 1433 1470; x_wconf 78' lang='grc' dir='ltr'>ὃ</span> <span class='ocrx_word' id='word_1_47' title='bbox 1481 1412 1897 1487; x_wconf 79' lang='grc' dir='ltr'><strong><em>περιγράφεται,</em></strong></span> 
     </span>
     <span class='ocr_line' id='line_1_10' title="bbox 198 1523 451 1574; baseline -0.004 -15"><span class='ocrx_word' id='word_1_48' title='bbox 198 1523 451 1574; x_wconf 84' lang='grc' dir='ltr'><strong><em>απτηται.</em></strong></span> 
     </span>
    </p>

    <p class='ocr_par' dir='ltr' id='par_1_5' title="bbox 111 1589 1897 1841">
     <span class='ocr_line' id='line_1_11' title="bbox 111 1589 1895 1665; baseline 0.002 -23"><span class='ocrx_word' id='word_1_49' title='bbox 111 1602 167 1642; x_wconf 89' lang='grc'><strong><em>10</em></strong></span> <span class='ocrx_word' id='word_1_50' title='bbox 311 1591 382 1663; x_wconf 83' lang='grc' dir='ltr'><strong><em>γ’.</em></strong></span> <span class='ocrx_word' id='word_1_51' title='bbox 437 1594 656 1663; x_wconf 84' lang='grc' dir='ltr'><strong><em>Σχῆμα</em></strong></span> <span class='ocrx_word' id='word_1_52' title='bbox 696 1590 1102 1665; x_wconf 83' lang='grc' dir='ltr'><strong><em>εὐθύγραμμον</em></strong></span> <span class='ocrx_word' id='word_1_53' title='bbox 1149 1595 1243 1658; x_wconf 84' lang='grc' dir='ltr'><strong><em>εἰς</em></strong></span> <span class='ocrx_word' id='word_1_54' title='bbox 1279 1590 1523 1648; x_wconf 82' lang='grc' dir='ltr'><strong><em>κύκλον</em></strong></span> <span class='ocrx_word' id='word_1_55' title='bbox 1575 1589 1895 1663; x_wconf 87' lang='grc' dir='ltr'><strong><em>ἐγγράφε-</em></strong></span> 
     </span>
     <span class='ocr_line' id='line_1_12' title="bbox 197 1678 1897 1754; baseline -0.001 -18"><span class='ocrx_word' id='word_1_56' title='bbox 197 1687 356 1736; x_wconf 81' lang='grc' dir='ltr'><strong><em>σθαι</em></strong></span> <span class='ocrx_word' id='word_1_57' title='bbox 396 1680 634 1751; x_wconf 84' lang='grc' dir='ltr'><strong><em>λέγεται,</em></strong></span> <span class='ocrx_word' id='word_1_58' title='bbox 683 1678 819 1736; x_wconf 81' lang='grc' dir='ltr'><strong><em>ὅταν</em></strong></span> <span class='ocrx_word' id='word_1_59' title='bbox 868 1679 1068 1751; x_wconf 80' lang='grc' dir='ltr'><strong><em>ἑκάστη</em></strong></span> <span class='ocrx_word' id='word_1_60' title='bbox 1115 1685 1292 1751; x_wconf 85' lang='grc' dir='ltr'><strong><em>γωνία</em></strong></span> <span class='ocrx_word' id='word_1_61' title='bbox 1329 1684 1432 1737; x_wconf 84' lang='grc' dir='ltr'><strong><em>τοῦ</em></strong></span> <span class='ocrx_word' id='word_1_62' title='bbox 1472 1681 1897 1754; x_wconf 81' lang='grc' dir='ltr'><strong><em>ἐγγραφομένου</em></strong></span> 
     </span>
     <span class='ocr_line' id='line_1_13' title="bbox 197 1767 1359 1841; baseline 0 -16"><span class='ocrx_word' id='word_1_63' title='bbox 197 1767 433 1841; x_wconf 81' lang='grc' dir='ltr'><strong><em>ἅπτηται</em></strong></span> <span class='ocrx_word' id='word_1_64' title='bbox 471 1771 568 1839; x_wconf 86' lang='grc' dir='ltr'><strong><em>τῆς</em></strong></span> <span class='ocrx_word' id='word_1_65' title='bbox 605 1772 708 1824; x_wconf 86' lang='grc' dir='ltr'><strong><em>τοῦ</em></strong></span> <span class='ocrx_word' id='word_1_66' title='bbox 746 1767 956 1824; x_wconf 83' lang='grc' dir='ltr'><strong><em>κύκλου</em></strong></span> <span class='ocrx_word' id='word_1_67' title='bbox 994 1773 1359 1841; x_wconf 86' lang='grc' dir='ltr'><strong><em>περιφερείας.</em></strong></span> 
     </span>
    </p>

    <p class='ocr_par' dir='ltr' id='par_1_6' title="bbox 198 1854 1895 2020">
     <span class='ocr_line' id='line_1_14' title="bbox 309 1854 1895 1929; baseline -0.001 -16"><span class='ocrx_word' id='word_1_68' title='bbox 309 1857 381 1913; x_wconf 80' lang='grc' dir='ltr'><strong><em>δ’.</em></strong></span> <span class='ocrx_word' id='word_1_69' title='bbox 446 1860 646 1929; x_wconf 84' lang='grc' dir='ltr'><strong><em>Σχῆμα</em></strong></span> <span class='ocrx_word' id='word_1_70' title='bbox 703 1856 766 1912; x_wconf 74' lang='grc' dir='ltr'><strong><em>δὲ</em></strong></span> <span class='ocrx_word' id='word_1_71' title='bbox 819 1854 1224 1929; x_wconf 81' lang='grc' dir='ltr'><strong><em>εὐθύγραμμον</em></strong></span> <span class='ocrx_word' id='word_1_72' title='bbox 1280 1856 1427 1928; x_wconf 88' lang='grc' dir='ltr'><strong><em>περὶ</em></strong></span> <span class='ocrx_word' id='word_1_73' title='bbox 1490 1855 1735 1912; x_wconf 86' lang='grc' dir='ltr'><strong><em>κύκλον</em></strong></span> <span class='ocrx_word' id='word_1_74' title='bbox 1785 1875 1895 1911; x_wconf 90' lang='grc' dir='ltr'><strong><em>πε-</em></strong></span> 
     </span>
     <span class='ocr_line' id='line_1_15' title="bbox 198 1943 1895 2020; baseline -0.002 -17"><span class='ocrx_word' id='word_1_75' title='bbox 198 1946 654 2020; x_wconf 88' lang='grc' dir='ltr'><strong><em>ριγράφεσθαι</em></strong></span> <span class='ocrx_word' id='word_1_76' title='bbox 724 1947 967 2016; x_wconf 86' lang='grc' dir='ltr'><strong><em>λέγεται,</em></strong></span> <span class='ocrx_word' id='word_1_77' title='bbox 1047 1943 1183 2001; x_wconf 81' lang='grc' dir='ltr'><strong><em>ὅταν</em></strong></span> <span class='ocrx_word' id='word_1_78' title='bbox 1253 1944 1452 2016; x_wconf 84' lang='grc' dir='ltr'><strong><em>ἑκάστη</em></strong></span> <span class='ocrx_word' id='word_1_79' title='bbox 1521 1943 1731 2017; x_wconf 80' lang='grc' dir='ltr'><strong><em>πλευρὰ</em></strong></span> <span class='ocrx_word' id='word_1_80' title='bbox 1793 1947 1895 2000; x_wconf 85' lang='grc' dir='ltr'><strong><em>τοῦ</em></strong></span> 
     </span>
    </p>

    <p class='ocr_par' dir='ltr' id='par_1_7' title="bbox 109 2032 1896 2196">
     <span class='ocr_line' id='line_1_16' title="bbox 109 2032 1896 2108; baseline -0.001 -17"><span class='ocrx_word' id='word_1_81' title='bbox 109 2044 166 2084; x_wconf 85' lang='grc'><strong><em>15</em></strong></span> <span class='ocrx_word' id='word_1_82' title='bbox 198 2035 690 2108; x_wconf 81' lang='grc' dir='ltr'><strong><em>περιγραφομένου</em></strong></span> <span class='ocrx_word' id='word_1_83' title='bbox 745 2033 1052 2105; x_wconf 88' lang='grc' dir='ltr'><strong><em>ἐφάπτηται</em></strong></span> <span class='ocrx_word' id='word_1_84' title='bbox 1105 2037 1203 2105; x_wconf 73' lang='grc' dir='ltr'><strong><em>τῆς</em></strong></span> <span class='ocrx_word' id='word_1_85' title='bbox 1255 2037 1358 2090; x_wconf 84' lang='grc' dir='ltr'><strong><em>τοῦ</em></strong></span> <span class='ocrx_word' id='word_1_86' title='bbox 1410 2032 1621 2089; x_wconf 88' lang='grc' dir='ltr'><strong><em>κύκλου</em></strong></span> <span class='ocrx_word' id='word_1_87' title='bbox 1678 2053 1896 2106; x_wconf 88' lang='grc' dir='ltr'><strong><em>περιφε-</em></strong></span> 
     </span>
     <span class='ocr_line' id='line_1_17' title="bbox 212 2128 378 2196; baseline 0.006 -17"><span class='ocrx_word' id='word_1_88' title='bbox 212 2128 378 2196; x_wconf 89' lang='grc' dir='ltr'><strong><em>ρείας.</em></strong></span> 
     </span>
    </p>

    <p class='ocr_par' dir='ltr' id='par_1_8' title="bbox 197 2208 1895 2462">
     <span class='ocr_line' id='line_1_18' title="bbox 315 2208 1895 2283; baseline 0 -16"><span class='ocrx_word' id='word_1_89' title='bbox 315 2211 384 2267; x_wconf 88' lang='grc' dir='ltr'><strong><em>ε’.</em></strong></span> <span class='ocrx_word' id='word_1_90' title='bbox 440 2211 665 2277; x_wconf 83' lang='grc' dir='ltr'><strong><em>Κύκλος</em></strong></span> <span class='ocrx_word' id='word_1_91' title='bbox 705 2211 766 2266; x_wconf 74' lang='grc' dir='ltr'><strong><em>δὲ</em></strong></span> <span class='ocrx_word' id='word_1_92' title='bbox 807 2215 886 2276; x_wconf 84' lang='grc' dir='ltr'><strong><em>εἰς</em></strong></span> <span class='ocrx_word' id='word_1_93' title='bbox 924 2214 1106 2283; x_wconf 84' lang='grc' dir='ltr'><strong><em>σχῆμα</em></strong></span> <span class='ocrx_word' id='word_1_94' title='bbox 1146 2208 1351 2282; x_wconf 85' lang='grc' dir='ltr'><strong><em>ὁμοίως</em></strong></span> <span class='ocrx_word' id='word_1_95' title='bbox 1391 2209 1779 2283; x_wconf 79' lang='grc' dir='ltr'><strong><em>ἐγγράφεσθαι</em></strong></span> <span class='ocrx_word' id='word_1_96' title='bbox 1810 2213 1895 2267; x_wconf 89' lang='grc' dir='ltr'><strong><em>λε’-</em></strong></span> 
     </span>
     <span class='ocr_line' id='line_1_19' title="bbox 198 2298 1895 2372; baseline -0.001 -16"><span class='ocrx_word' id='word_1_97' title='bbox 198 2323 370 2372; x_wconf 88' lang='grc' dir='ltr'><strong><em>γεται,</em></strong></span> <span class='ocrx_word' id='word_1_98' title='bbox 412 2299 547 2356; x_wconf 83' lang='grc' dir='ltr'><strong><em>ὅταν</em></strong></span> <span class='ocrx_word' id='word_1_99' title='bbox 586 2298 621 2371; x_wconf 82' lang='grc' dir='ltr'>ἡ</span> <span class='ocrx_word' id='word_1_100' title='bbox 662 2303 763 2356; x_wconf 83' lang='grc' dir='ltr'><strong><em>τοῦ</em></strong></span> <span class='ocrx_word' id='word_1_101' title='bbox 797 2298 1009 2355; x_wconf 89' lang='grc' dir='ltr'><strong><em>κύκλου</em></strong></span> <span class='ocrx_word' id='word_1_102' title='bbox 1041 2300 1362 2372; x_wconf 80' lang='grc' dir='ltr'><strong><em>περιφέρεια</em></strong></span> <span class='ocrx_word' id='word_1_103' title='bbox 1394 2298 1622 2369; x_wconf 81' lang='grc' dir='ltr'><strong><em>ἑκάστης</em></strong></span> <span class='ocrx_word' id='word_1_104' title='bbox 1654 2302 1895 2371; x_wconf 79' lang='grc' dir='ltr'><strong><em>πλευρᾶς</em></strong></span> 
     </span>
     <span class='ocr_line' id='line_1_20' title="bbox 197 2386 1198 2462; baseline -0.002 -17"><span class='ocrx_word' id='word_1_105' title='bbox 197 2393 320 2461; x_wconf 82' lang='grc' dir='ltr'><strong><em>τοῦ,</em></strong></span> <span class='ocrx_word' id='word_1_106' title='bbox 362 2393 441 2455; x_wconf 80' lang='grc' dir='ltr'><strong><em>εἰς</em></strong></span> <span class='ocrx_word' id='word_1_107' title='bbox 480 2387 510 2445; x_wconf 83' lang='grc' dir='ltr'>ὃ</span> <span class='ocrx_word' id='word_1_108' title='bbox 552 2387 910 2462; x_wconf 80' lang='grc' dir='ltr'><strong><em>ἐγγράφεται,</em></strong></span> <span class='ocrx_word' id='word_1_109' title='bbox 951 2386 1198 2459; x_wconf 80' lang='grc' dir='ltr'><strong><em>ἅπτηται.</em></strong></span> 
     </span>
    </p>

    <p class='ocr_par' dir='ltr' id='par_1_9' title="bbox 107 2474 1894 2728">
     <span class='ocr_line' id='line_1_21' title="bbox 107 2474 1894 2549; baseline -0.002 -14"><span class='ocrx_word' id='word_1_110' title='bbox 107 2487 166 2529; x_wconf 79' lang='lat'><strong><em>20</em></strong></span> <span class='ocrx_word' id='word_1_111' title='bbox 311 2476 380 2537; x_wconf 84' lang='grc' dir='ltr'><strong><em>ς’.</em></strong></span> <span class='ocrx_word' id='word_1_112' title='bbox 420 2477 644 2543; x_wconf 81' lang='grc' dir='ltr'><strong><em>Κύκλος</em></strong></span> <span class='ocrx_word' id='word_1_113' title='bbox 691 2477 754 2532; x_wconf 78' lang='grc' dir='ltr'><strong><em>δὲ</em></strong></span> <span class='ocrx_word' id='word_1_114' title='bbox 792 2477 916 2548; x_wconf 88' lang='grc' dir='ltr'><strong><em>περὶ</em></strong></span> <span class='ocrx_word' id='word_1_115' title='bbox 957 2479 1139 2548; x_wconf 86' lang='grc' dir='ltr'><strong><em>σχῆμα</em></strong></span> <span class='ocrx_word' id='word_1_116' title='bbox 1177 2474 1623 2549; x_wconf 86' lang='grc' dir='ltr'><strong><em>περιγράφεσθαι</em></strong></span> <span class='ocrx_word' id='word_1_117' title='bbox 1662 2476 1894 2546; x_wconf 86' lang='grc' dir='ltr'><strong><em>λέγεται,</em></strong></span> 
     </span>
     <span class='ocr_line' id='line_1_22' title="bbox 199 2563 1894 2637; baseline -0.002 -15"><span class='ocrx_word' id='word_1_118' title='bbox 199 2565 337 2622; x_wconf 84' lang='grc' dir='ltr'><strong><em>ὅταν</em></strong></span> <span class='ocrx_word' id='word_1_119' title='bbox 383 2564 417 2637; x_wconf 84' lang='grc' dir='ltr'><em>ἡ</em></span> <span class='ocrx_word' id='word_1_120' title='bbox 465 2569 567 2622; x_wconf 84' lang='grc' dir='ltr'><strong><em>τοῦ</em></strong></span> <span class='ocrx_word' id='word_1_121' title='bbox 620 2564 832 2621; x_wconf 87' lang='grc' dir='ltr'><strong><em>κύκλου</em></strong></span> <span class='ocrx_word' id='word_1_122' title='bbox 887 2565 1208 2636; x_wconf 84' lang='grc' dir='ltr'><strong><em>περιφέρεια</em></strong></span> <span class='ocrx_word' id='word_1_123' title='bbox 1255 2563 1486 2635; x_wconf 87' lang='grc' dir='ltr'><strong><em>ἑκάστης</em></strong></span> <span class='ocrx_word' id='word_1_124' title='bbox 1529 2568 1736 2634; x_wconf 90' lang='grc' dir='ltr'><strong><em>γωνίας</em></strong></span> <span class='ocrx_word' id='word_1_125' title='bbox 1773 2567 1894 2634; x_wconf 86' lang='grc' dir='ltr'><strong><em>τοῦ,</em></strong></span> 
     </span>
     <span class='ocr_line' id='line_1_23' title="bbox 202 2652 1151 2728; baseline -0.003 -18"><span class='ocrx_word' id='word_1_126' title='bbox 202 2655 329 2727; x_wconf 89' lang='grc' dir='ltr'><strong><em>περὶ</em></strong></span> <span class='ocrx_word' id='word_1_127' title='bbox 370 2652 401 2711; x_wconf 79' lang='grc' dir='ltr'>ὃ</span> <span class='ocrx_word' id='word_1_128' title='bbox 442 2653 861 2728; x_wconf 87' lang='grc' dir='ltr'><strong><em>περιγράφεται,</em></strong></span> <span class='ocrx_word' id='word_1_129' title='bbox 902 2652 1151 2723; x_wconf 79' lang='grc' dir='ltr'><strong><em>ἅπτηται.</em></strong></span> 
     </span>
    </p>
   </div>
   <div class='ocr_carea' id='block_1_2' title="bbox 196 2762 555 2769">
    <p class='ocr_par' dir='ltr' id='par_1_10' title="bbox 196 2762 555 2769">
     <span class='ocr_line' id='line_1_24' title="bbox 196 2762 555 2769; baseline 0 305"><span class='ocrx_word' id='word_1_130' title='bbox 196 2762 555 2769; x_wconf 95' lang='lat' dir='ltr'><strong><em> </em></strong></span> 
     </span>
    </p>
   </div>
   <div class='ocr_carea' id='block_1_3' title="bbox 196 2797 1891 2919">
    <p class='ocr_par' dir='ltr' id='par_1_11' title="bbox 196 2797 1891 2919">
     <span class='ocr_line' id='line_1_25' title="bbox 321 2797 1891 2861; baseline -0.003 -14"><span class='ocrx_word' id='word_1_131' title='bbox 321 2808 360 2847; x_wconf 89' lang='grc'><strong><em>1.</em></strong></span> <span class='ocrx_word' id='word_1_132' title='bbox 395 2797 518 2861; x_wconf 76' lang='grc' dir='ltr'><strong><em>ὅροι]</em></strong></span> <span class='ocrx_word' id='word_1_133' title='bbox 552 2817 641 2847; x_wconf 90' lang='lat' dir='ltr'><strong><em>om.</em></strong></span> <span class='ocrx_word' id='word_1_134' title='bbox 676 2801 814 2860; x_wconf 84' lang='lat' dir='ltr'>BFp.</span> <span class='ocrx_word' id='word_1_135' title='bbox 953 2800 1181 2846; x_wconf 82' lang='lat' dir='ltr'>Numeros</span> <span class='ocrx_word' id='word_1_136' title='bbox 1213 2814 1303 2846; x_wconf 90' lang='lat' dir='ltr'><strong><em>om.</em></strong></span> <span class='ocrx_word' id='word_1_137' title='bbox 1336 2800 1478 2845; x_wconf 83' lang='lat' dir='ltr'><strong>PBF.</strong></span> <span class='ocrx_word' id='word_1_138' title='bbox 1612 2804 1653 2845; x_wconf 81' lang='lat'><strong><em>4.</em></strong></span> <span class='ocrx_word' id='word_1_139' title='bbox 1685 2799 1891 2857; x_wconf 74' lang='grc' dir='ltr'><strong><em>γωνιῶν]</em></strong></span> 
     </span>
     <span class='ocr_line' id='line_1_26' title="bbox 196 2857 1891 2919; baseline -0.002 -13"><span class='ocrx_word' id='word_1_140' title='bbox 196 2864 308 2918; x_wconf 75' lang='lat' dir='ltr'>post</span> <span class='ocrx_word' id='word_1_141' title='bbox 345 2876 434 2907; x_wconf 84' lang='lat' dir='ltr'><strong>ras.</strong></span> <span class='ocrx_word' id='word_1_142' title='bbox 471 2867 493 2904; x_wconf 93' lang='lat'>1</span> <span class='ocrx_word' id='word_1_143' title='bbox 526 2860 619 2907; x_wconf 72' lang='lat' dir='ltr'><strong>litt.</strong></span> <span class='ocrx_word' id='word_1_144' title='bbox 651 2862 707 2906; x_wconf 92' lang='lat' dir='ltr'><strong><em>V.</em></strong></span> <span class='ocrx_word' id='word_1_145' title='bbox 891 2864 931 2905; x_wconf 87' lang='lat'><strong><em>8.</em></strong></span> <span class='ocrx_word' id='word_1_146' title='bbox 979 2857 1345 2919; x_wconf 82' lang='grc' dir='ltr'><strong><em>περιγράφεται]</em></strong></span> <span class='ocrx_word' id='word_1_147' title='bbox 1390 2859 1514 2903; x_wconf 79' lang='lat' dir='ltr'>inter</span> <span class='ocrx_word' id='word_1_148' title='bbox 1555 2876 1571 2902; x_wconf 91' lang='grc' dir='ltr'><strong><em>ι</em></strong></span> <span class='ocrx_word' id='word_1_149' title='bbox 1602 2860 1652 2903; x_wconf 70' lang='lat' dir='ltr'><strong><em>et</em></strong></span> <span class='ocrx_word' id='word_1_150' title='bbox 1681 2875 1708 2915; x_wconf 86' lang='grc' dir='ltr'><strong><em>γ</em></strong></span> <span class='ocrx_word' id='word_1_151' title='bbox 1740 2863 1766 2903; x_wconf 83' lang='grc'><strong>2</strong></span> <span class='ocrx_word' id='word_1_152' title='bbox 1798 2857 1891 2903; x_wconf 73' lang='lat' dir='ltr'><strong>litt.</strong></span> 
     </span>
    </p>
   </div>
  </div>
 </body>
</html>
