1956 3074
164 135 273 189 134
798 139 1135 182 ΣΤοΙΧΕΙῼΝ
1166 135 1228 197 β’.

159 252 222 310 τὸ
265 261 318 309 A
327 260 378 309 A
423 253 533 327 ἄρα
578 259 654 332 τῷ
693 261 797 311 ΘΖ
844 257 994 312 ἐστιν
1042 263 1182 314 ἴσον.
1265 258 1463 314 κοινὸν
1501 263 1854 331 προσκείσθω

160 341 222 399 τὸ
264 347 410 398 ΓΜ·
468 342 605 400 ὅλον
651 344 762 418 ἄρα
807 343 872 402 τὸ
911 349 1048 401 ΑΜ
1084 349 1160 422 τῷ
1200 349 1371 409 ΝΞΟ
1414 346 1672 418 γνώμονί
1707 349 1856 404 ἐστιν

163 438 304 488 ἴσον.
382 429 522 488 ἀλλὰ
560 432 623 490 τὸ
663 441 800 490 ΑΜ
831 435 946 489 ἐστι
982 433 1044 490 τὸ
1084 432 1196 491 ὑπὸ
1234 439 1348 492 τῶν
1388 442 1530 506 ΑΔ,
1572 442 1710 491 ΔΒ·
1763 442 1855 507 ἴση

160 521 268 593 γάρ
309 523 460 577 ἐστιν
499 520 533 593 ἡ
576 527 715 577 ΛΜ
743 526 808 596 τῇ
853 528 994 577 ΔΒ·
1057 523 1148 578 καὶ
1191 522 1220 579 ὁ
1260 525 1431 586 ΝΞΟ
1468 523 1577 597 ἄρα
1615 524 1857 596 γνώμων

106 621 133 661 5
165 617 286 676 ἴσος
332 611 446 666 ἐστὶ
491 613 568 686 τῷ
614 609 724 666 ὑπὸ
765 614 877 667 τῶν
917 618 1059 683 ΑΔ,
1102 618 1212 667 ΔΒ
1255 613 1646 689 [περιεχομένῳ
1687 610 1857 686 ὀρθο-

160 703 388 775 γωνίῳ].
450 697 646 756 κοινὸν
685 704 1041 772 προσκείσθω
1079 699 1141 757 τὸ
1184 707 1316 772 ΛΗ,
1359 700 1390 758 ὅ
1431 704 1582 758 ἐστιν
1621 709 1747 758 ἴσον
1778 705 1853 777 τῷ

161 785 270 843 ἀπὸ
310 791 408 860 τῆς
446 793 558 844 ΒΓ
586 788 945 865 τετραγώνῳ·
992 788 1055 846 τὸ
1103 788 1214 863 ἄρα
1259 788 1370 846 ὑπὸ
1409 794 1523 847 τῶν
1562 798 1704 861 ΑΔ,
1746 796 1857 846 ΔΒ

160 877 558 950 περιεχόμενον
607 874 967 950 ὀρθογώνιον
1013 877 1149 950 μετὰ
1196 882 1299 935 τοῦ
1343 876 1453 936 ἀπὸ
1500 882 1598 951 τῆς
1636 884 1737 935 ΓΒ
1776 901 1858 935 τε-

160 965 455 1037 τραγώνου
502 973 629 1022 ἴσον
677 966 792 1022 ἐστὶ
838 971 914 1042 τῷ
962 970 1132 1031 ΝΞΟ
1177 970 1427 1040 γνώμονι
1472 968 1566 1023 καὶ
1611 971 1687 1045 τῷ
1728 973 1859 1024 ΛΗ.

75 1065 130 1107 10
163 1052 303 1110 ἀλλὰ
335 1052 365 1111 ὁ
390 1057 561 1118 ΝΞΟ
590 1055 834 1127 γνώμων
866 1057 958 1112 καὶ
989 1056 1050 1113 τὸ
1079 1063 1204 1113 ΛΗ
1228 1055 1364 1113 ὅλον
1398 1057 1512 1113 ἐστὶ
1544 1056 1607 1112 τὸ
1634 1061 1860 1112 ΓΕΖΔ

162 1142 533 1218 τετράγωνον,
582 1142 613 1200 ὅ
662 1147 813 1201 ἐστιν
861 1141 970 1201 ἀπὸ
1017 1149 1115 1217 τῆς
1153 1151 1282 1201 ΓΔ·
1335 1144 1397 1201 τὸ
1445 1144 1556 1218 ἄρα
1595 1143 1703 1202 ὑπὸ
1745 1148 1858 1201 τῶν

162 1241 215 1289 Α
227 1239 306 1304 Δ,
335 1239 473 1289 ·ΔΒ
534 1232 931 1306 περιεχόμενον
987 1231 1347 1307 ὀρθογώνιον
1402 1233 1536 1306 μετὰ
1591 1238 1692 1290 τοῦ
1748 1232 1856 1290 ἀπὸ

160 1325 258 1393 τῆς
288 1326 390 1377 ΓΒ
428 1321 784 1395 τετραγώνου
824 1330 951 1379 ἴσον
990 1325 1104 1379 ἐστὶ
1143 1327 1219 1400 τῷ
1259 1321 1369 1379 ἀπὸ
1409 1327 1505 1395 τῆς
1529 1328 1632 1379 ΓΔ
1670 1345 1857 1395 τετρα-

161 1410 343 1486 γώνῳ.

74 1509 130 1551 15
270 1497 402 1555 Ἐὰν
449 1497 560 1571 ἄρα
607 1498 808 1556 εὐθεῖα
852 1499 1077 1574 γραμμὴ
1130 1504 1316 1574 τμηθῇ
1369 1504 1521 1573 δίχα,
1576 1502 1857 1573 προστεθῇ

162 1590 228 1645 δέ
263 1610 343 1655 τις
383 1587 521 1662 αὐτῇ
562 1585 759 1646 εὐθεῖα
799 1586 883 1646 ἐπ’
913 1586 1156 1661 εὐθείας,
1196 1588 1259 1646 τὸ
1300 1587 1409 1645 ὑπὸ
1449 1593 1546 1661 τῆς
1586 1587 1717 1660 ὅλης
1748 1587 1856 1644 σὺν

160 1682 226 1751 τῇ
282 1678 650 1752 προσκειμένῃ
706 1679 798 1735 καὶ
851 1682 951 1750 τῆς
1003 1678 1406 1752 προσκειμένης
1460 1677 1858 1751 περιεχόμενον
1952 1683 1956 1702 ¹

163 1766 520 1838 ὀρθογώνιον
566 1765 700 1839 μετὰ
745 1771 847 1824 τοῦ
895 1766 1005 1824 ἀπὸ
1053 1771 1152 1839 τῆς
1198 1765 1451 1839 ἡμισείας
1502 1766 1857 1838 τετραγώνου

162 1862 289 1911 ἴσον
329 1857 442 1911 ἐστὶ
481 1859 556 1933 τῷ
598 1853 707 1912 ἀπὸ
749 1860 845 1928 τῆς
885 1857 1247 1927 συγκειμένης
1287 1860 1346 1911 ἔκ
1380 1877 1438 1911 τε
1477 1859 1574 1926 τῆς
1605 1852 1858 1926 ἡμισείας

75 1955 131 1996 20
164 1945 255 1999 καὶ
293 1948 390 2016 τῆς
428 1945 831 2018 προσκειμένης
868 1943 1228 2019 τετραγώνῳ·
1270 1942 1405 2017 ὅπερ
1447 1947 1560 1999 ἔδει
1602 1946 1791 2010 δεῖξαι.

984 2106 1047 2175 ς’.

271 2209 416 2267 Ἐὰν
462 2209 696 2268 εὐθεῖα
742 2209 1004 2283 γραμμὴ
1052 2212 1295 2283 τμηθῇ,
1352 2207 1435 2276 ὡς
1477 2215 1730 2282 ἔτυχεν,
1784 2207 1854 2263 τὸ

88 2371 92 2374 ⁴
163 2297 286 2356 ἀπὸ
341 2304 454 2371 τῆς
500 2299 655 2372 ὅλης
700 2301 807 2356 καὶ
852 2299 922 2356 τὸ
972 2297 1078 2370 ἀφ’
1133 2298 1282 2364 ἑνὸς
1327 2303 1455 2356 τῶν
1506 2297 1857 2371 τμημάτων

93 2422 99 2427 ·
163 2387 236 2443 τὰ
279 2389 749 2461 συναμφότερα
792 2387 1168 2462 τετράγωνα
1209 2395 1317 2443 ἴσα
1358 2387 1493 2444 ἐστὶ
1531 2390 1614 2462 τῷ
1653 2408 1717 2442 τε
1758 2387 1858 2451 δὶς

75 2489 130 2529 25
165 2475 289 2533 ὑπὸ
330 2480 441 2548 τῆς
482 2475 636 2549 ὅλης
666 2477 916 2533 καὶτοῦ
942 2478 1298 2550 εἰρημένου
1322 2476 1656 2548 τμήματος
1680 2494 1858 2548 περι·
1953 2521 1956 2548 ;

165 2567 453 2642 εχομένῳ
519 2563 911 2641 ὀρθογωνίῳ
967 2565 1073 2620 καὶ
1128 2569 1210 2640 τῷ
1266 2563 1390 2621 ἀπὸ
1445 2568 1562 2620 τοῦ
1616 2566 1856 2620 λοιποῦ

163 2654 496 2727 τμήματος
533 2654 936 2730 τετραγώνῳ.

277 2741 497 2798 Εὐθεῖα
534 2745 640 2815 γάρ
679 2765 762 2809 τις
800 2740 834 2814 ἡ
869 2748 976 2798 ΑΒ
1011 2740 1324 2812 τετμήσθω,
1366 2739 1440 2806 ὡς
1471 2745 1680 2812 ἔτυχεν,
1719 2740 1858 2796 κατὰ
1954 2815 1956 2823 ¹

287 2940 327 2979 1.
359 2935 467 2993 ΑΛ]
500 2938 583 2979 ΛΑ
615 2935 664 2980 Ρ.
803 2930 919 2992 ἄρα]
952 2946 1040 2978 om.
1075 2932 1123 2979 F.
1249 2933 1352 2992 ΘΖ]
1389 2947 1503 2979 corr.
1536 2946 1592 2978 ex
1624 2935 1711 2978 ΖΘ
1741 2920 1823 2978 V.⁴'
