1956 3074
772 106 1122 148 PRAEFATIO.
1133 141 1143 150 .
1704 105 1790 145 VII

98 233 196 299 est,
234 230 520 298 plerosque
560 244 748 280 omnes
788 225 995 278 codices
1029 242 1057 276 e
1090 223 1403 277 recensione
1427 222 1663 275 Theonis
1696 222 1791 274 flu·

95 318 254 385 xisse,
293 319 347 368 et
386 314 714 368 Uaticanum
754 313 1017 382 Peyrardi
1056 312 1233 364 solum
1271 311 1383 363 fere
1424 311 1788 380 antiquiorem

95 405 328 458 formam
377 420 635 456 seruasse.
715 420 873 471 quem
913 401 1152 454 fructum
1193 418 1256 453 ex
1294 399 1397 452 hoc
1438 417 1566 453 casu
1607 400 1788 470 singu-

95 493 200 545 lari
238 509 428 560 capere
468 491 642 559 liceat,
683 494 737 543 et
777 509 939 559 quam
977 490 1249 543 rationem
1293 488 1502 541 critices
1533 488 1789 541 factitan-

97 581 196 633 dae
234 580 360 632 inde
402 579 552 648 sequi
593 580 801 647 putem,
839 578 1089 647 pluribus
1131 577 1354 646 exposui
1392 576 1450 628 in
1486 576 1650 645 libro,
1703 577 1795 646 qui

98 668 412 721 inscribitur
452 666 676 720 Studien
716 667 849 719 iiber
872 666 1072 719 Euklid
1113 685 1163 734 p.
1194 666 1295 717 177
1317 683 1395 734 sq.
1433 664 1536 718 11οο
1577 663 1795 735 quidem

100 757 286 810 statim
328 756 593 824 adparuit,
633 755 868 824 primum
909 755 1152 808 omnium
1193 753 1429 807 codicem
1453 751 1797 822 Uaticanum,

99 863 129 898 e
176 862 284 913 quo
325 843 627 913 Peyrardus
677 861 738 896 ea
779 843 896 896 sola
937 845 1284 911 enotauerat,
1333 859 1468 911 quae
1507 841 1558 895 ei
1597 859 1797 895 memo-

99 931 295 986 rabilia
333 931 684 999 uidebantur,
735 931 982 999 quamuis
1022 932 1136 1000 ipse
1179 930 1336 983 aliter
1373 930 1669 999 praedicet,
1710 930 1798 983 de-

99 1039 208 1074 nuo
252 1019 539 1090 diligenter
585 1037 701 1072 esse
742 1019 1126 1073 conferendum
1166 1022 1221 1072 et
1257 1020 1538 1088 praeterea
1578 1035 1644 1070 ex
1681 1018 1800 1071 reli-

102 1109 223 1179 quis
265 1108 536 1162 codicibus
582 1109 800 1160 tantum
836 1125 1144 1174 numerum,
1193 1109 1252 1160 ut
1291 1107 1407 1160 ueri
1448 1107 1696 1160 similiter
1736 1106 1800 1159 de

103 1197 373 1265 scriptura
411 1195 648 1249 Theonis
688 1195 916 1248 iudicari
953 1198 1155 1264 posset.
1234 1213 1341 1264 qua
1387 1196 1445 1247 in
1491 1214 1548 1249 re
1589 1194 1800 1262 codices

101 1284 482 1353 Bodleianum‚
529 1284 977 1353 Laurentianum,
1025 1283 1512 1337 Uindobonensem
1551 1262 1796 1339 sufficere

101 1373 306 1442 putaui,
344 1373 666 1442 praesertim
706 1390 827 1426 cum
868 1372 1369 1441 animaduerterem,
1409 1390 1502 1425 eos
1542 1391 1573 1426 a
1605 1373 1798 1441 palim-

103 1465 286 1531 psesto
327 1461 508 1516 codice
549 1461 755 1514 saeculi
778 1459 886 1513 VII
924 1461 1011 1513 uel
1035 1460 1197 1530 VIII,
1236 1460 1329 1530 qui
1367 1460 1426 1512 in
1463 1459 1651 1514 Museo
1686 1460 1802 1514 Bri-

105 1550 327 1603 tannico
369 1549 705 1617 adseruatur,
743 1566 856 1601 non
895 1549 1183 1602 admodum
1216 1549 1534 1619 discrepare.
1585 1549 1687 1604 hos
1721 1567 1804 1603 co—

105 1637 250 1690 dices
299 1656 399 1706 pro
446 1637 801 1690 fundamento
843 1636 1034 1706 habui,
1090 1638 1183 1690 sed
1223 1637 1291 1690 ad
1329 1654 1420 1691 eos
1460 1637 1519 1691 in
1557 1639 1805 1707 partibus

107 1724 433 1794 quibusdam
473 1726 651 1794 operis
695 1725 790 1778 alii
831 1725 1178 1779 adcesserunt
1219 1729 1295 1795 et,
1333 1728 1394 1779 ut
1433 1744 1611 1795 spero,
1653 1726 1804 1780 adce-

105 1813 258 1881 dent,
309 1814 459 1866 uelut
497 1813 555 1865 in
594 1813 699 1867 hoc
740 1814 915 1882 primo
955 1814 1229 1867 uolumine
1269 1813 1549 1868 Parisinus
1589 1814 1808 1884 quidam

105 1904 160 1954 et
206 1901 264 1953 in
311 1901 486 1970 primo
538 1902 679 1955 libro
718 1901 1091 1955 Bononiensis,
1168 1903 1314 1956 hunc
1354 1921 1422 1956 ne
1461 1906 1641 1958 totum
1681 1922 1808 1958 con-

106 1988 319 2059 ferrem,
350 1989 746 2058 prohibuerunt
769 1991 1030 2059 temporis
1057 1992 1359 2061 angustiae,
1391 1992 1483 2045 sed
1517 2009 1638 2061 spes
1673 1992 1807 2045 mihi

109 2082 211 2147 est,
259 2097 344 2131 me
391 2078 546 2132 breui
594 2083 808 2150 partem
855 2080 1120 2148 reliquam
1159 2080 1401 2134 conferre
1440 2099 1623 2151 posse3
1679 2099 1808 2134 nam

108 2166 166 2218 in
223 2166 376 2220 libris
428 2169 849 2222 stereometricis
901 2168 990 2222 1110
1046 2169 1213 2222 codex
1269 2169 1491 2223 maximi
1545 2171 1812 2224 momenti

110 2258 217 2308 est.
308 2255 374 2309 de
428 2257 619 2310 ceteris
676 2257 932 2310 subsidiis
987 2257 1171 2326 nouis,
1228 2258 1367 2312 sicut
1421 2258 1486 2312 de
1536 2258 1811 2312 codicibus

111 2360 335 2412 operum
373 2344 666 2413 minorum,
716 2345 773 2397 in
810 2345 1239 2415 praefationibus
1282 2347 1620 2416 singulorum
1659 2347 1812 2400 uolu-

111 2431 322 2484 minum
360 2431 582 2490 dicetur.

226 2518 503 2574 Confiteor
549 2521 716 2591 igitur
763 2522 878 2575 fieri
915 2541 1098 2592 posse,
1146 2526 1208 2578 ut
1236 2524 1387 2594 jnter
1425 2523 1633 2578 codices
1674 2542 1807 2578 non-

114 2606 242 2660 dum
299 2608 530 2663 collatos
586 2610 759 2664 lateat
811 2610 1099 2665 thesaurus
1158 2600 1352 2682 aliquis
1412 2610 1609 2683 (neque
1671 2612 1813 2666 enim

115 2713 304 2749 omnes
353 2697 679 2752 recentiores
729 2702 856 2753 sunt
902 2718 1003 2754 nec
1051 2700 1376 2755 recentiores
1419 2719 1632 2770 semper
1673 2719 1815 2771 sper·
1876 2770 1878 2773 ι

117 2782 326 2855 nendi),
366 2786 459 2854 qui
491 2804 612 2840 mea
645 2787 887 2841 subsidia
918 2789 1004 2841 uel
1041 2793 1234 2859 aequet
1267 2789 1355 2844 uel
1388 2789 1551 2843 etiam
1586 2794 1815 2860 superet.

120 2871 214 2925 sed
254 2891 376 2926 cum
415 2891 523 2927 non
562 2875 796 2929 maxime
837 2876 909 2930 sit
940 2878 1055 2931 ueri
1088 2878 1278 2948 simile,
1317 2878 1466 2948 haec,
1506 2879 1817 2948 qualiacun-
