1956 3074
185 100 290 154 138
826 104 1163 147 mommsen
1195 105 1224 161 β
1249 139 1258 150 .
1423 117 1427 121 Δ
1927 0 1956 224 1

990 272 1024 320 η
1054 294 1065 305 ·
1954 318 1956 322 .

287 351 435 410 Ἐὰν
482 353 716 411 εὐθεῖα
762 354 1022 426 γραμμὴ
1074 358 1324 428 τμηθῇ,
1373 353 1455 422 ὥς
1494 360 1748 428 ἔτυχεν,
1802 356 1873 413 τὸ
1953 428 1956 431 Α

178 442 488 516 τετράκις
524 442 650 500 ὑπὸ
689 447 801 515 τῆς
842 441 997 514 ὅλης
1035 444 1145 497 καὶ
1186 442 1339 509 ἑνὸς
1369 447 1497 499 τῶν
1525 444 1876 516 τμημάτων
1949 468 1956 528 3·

177 532 656 607 περιεχόμενον
711 530 1137 603 ὀρθογώνιον
1191 530 1346 603 μετὰ
1403 535 1520 588 τοῦ
1575 531 1698 589 ἀπὸ
1756 537 1873 589 τοῦ
1948 529 1956 563 ¹

117 636 144 676 5
178 626 416 678 λοιποῦ
456 621 788 694 τμήματος
825 619 1248 691 τετραγώνου
1289 627 1437 677 ἴσον
1471 622 1605 677 ἐστὶ
1639 625 1722 698 τῷ
1750 620 1872 679 ἀπό

176 732 241 766 τε
294 715 409 782 τῆς
463 709 617 781 ὅλης
662 710 768 765 καὶ
822 712 939 765 τοῦ
995 710 1354 781 εἰρημένου
1406 709 1737 781 τμήματος
1791 708 1874 776 ὥς
1948 683 1956 792 ἲ

177 798 300 855 ἀπὸ
342 803 494 870 μιᾶς
533 797 988 871 ἀναγραφέντι
1027 797 1431 875 τετραγώνῳ.
1945 823 1956 896 1·

288 885 508 943 Εὐθεῖα
546 887 654 961 γάρ
693 909 774 953 τις
812 885 847 959 ἡ
888 892 997 943 ΑΒ
1036 887 1349 958 τετμήσθω,
1402 885 1476 954 ὥς
1515 891 1731 961 ἔτυχεν,
1779 911 1873 943 κα-
1949 899 1956 947 ÷

173 975 240 1031 τὰ
273 975 336 1032 τὸ
361 982 414 1032 Γ
439 987 702 1048 σημεῖον·
740 976 902 1047 λέγω,
945 973 1030 1031 ὅτι
1068 974 1132 1032 τὸ
1173 975 1422 1082 τετράκις
1452 974 1561 1033 ὑπὸ
1596 981 1712 1033 τῶν
1743 983 1870 1049 ΑΒ,
1951 996 1956 1056 ξ

89 1078 144 1119 10
175 1069 285 1120 ΒΓ
325 1063 723 1172 περιεχόμενον
764 1062 1123 1136 ὀρθογώνιον
1162 1063 1295 1136 μετὰ
1336 1068 1439 1121 τοῦ
1478 1063 1587 1121 ἀπὸ
1627 1070 1724 1137 τῆς
1763 1072 1878 1123 ΑΓ

173 1153 529 1226 τετραγώνου
576 1160 703 1209 ἴσον
750 1153 863 1208 ἐστὶ
910 1156 987 1230 τῷ
1027 1150 1135 1209 άπὸ
1178 1156 1276 1224 τῆς
1316 1160 1447 1225 ΑΒ,
1502 1159 1613 1210 ΒΓ
1647 1152 1721 1220 ὥς
1759 1153 1868 1211 άπὸ
1948 1176 1956 1214 1

172 1245 302 1313 μιᾶς
341 1240 720 1316 ἀναγραφέντι
759 1240 1101 1317 τετραγώνῳ.
1951 1290 1956 1312 .-

279 1327 669 1402 Ἐκβεβλήσθω
716 1330 824 1403 γὰρ
882 1328 964 1385 ἐπ’
1017 1327 1243 1395 εὐθείας
1296 1333 1382 1403 [τῇ
1424 1338 1476 1386 Α
1486 1337 1532 1386 Β
1574 1332 1790 1402 εὐθεῖα]
1832 1330 1866 1404 ἡ
1950 1331 1956 1378 ⁴-

172 1425 302 1490 BA,
341 1419 434 1475 καὶ
472 1424 681 1475 κείσθω
721 1423 786 1493 τῇ
820 1424 921 1474 ΓΒ
956 1426 1046 1489 ἴση
1087 1415 1122 1489 ἡ
1156 1424 1285 1489 ΒΔ,
1324 1419 1416 1474 καὶ
1449 1418 1867 1492 ἀναγεγράφθω
1949 1420 1956 1482 i

83 1522 138 1563 15
172 1505 279 1564 άπὸ
311 1512 410 1580 τῆς
440 1515 559 1564 ΑΔ
581 1508 935 1581 τετράγωνον
960 1506 1023 1563 τὸ
1044 1512 1292 1577 ΑΕΖΔ,
1309 1507 1401 1562 καὶ
1417 1508 1865 1581 καταγεγράφθω
1952 1517 1956 1536 ¹

171 1601 412 1654 διπλοῦν
449 1595 512 1653 τὸ
549 1600 744 1669 σχῆμα.
1952 1597 1956 1645 3

278 1684 425 1742 Ἐπεὶ
467 1678 573 1742 οὖν
614 1694 705 1757 ἴση
747 1683 956 1756 ἐστινὴ
991 1690 1091 1741 ΓΒ
1116 1688 1180 1758 τῇ
1215 1690 1346 1756 ΒΛ,
1387 1682 1525 1741 ἀλλὰ
1559 1683 1594 1758 ἡ
1627 1686 1729 1758 μὲν
1763 1693 1865 1744 ΓΒ
1953 1679 1956 1685 ’

168 1778 234 1848 τῇ
261 1780 381 1830 ΗΚ
406 1776 556 1831 ἐστιν
591 1781 702 1846 ἴση,
742 1771 776 1846 ἡ
818 1774 880 1830 δὲ
906 1780 1018 1829 ΒΔ
1041 1777 1106 1847 τῇ
1134 1779 1271 1843 ΚΝ,
1311 1773 1403 1828 καὶ
1435 1771 1469 1845 ἡ
1501 1780 1627 1830 HK
1648 1774 1758 1846 ἄρα
1797 1779 1863 1850 τῇ
1954 1782 1956 1786 ’

168 1869 298 1919 ΚΝ
338 1866 488 1920 ἐστιν
530 1871 638 1935 ἴση.
717 1861 810 1918 διὰ
855 1861 923 1917 τὰ
972 1860 1112 1919 αὐτὰ
1160 1860 1229 1933 δὴ
1275 1863 1367 1917 καὶ
1414 1861 1448 1935 ἡ
1497 1869 1616 1919 ΠΡ
1654 1868 1720 1938 τῇ
1762 1871 1864 1921 ΡΟ

78 1965 136 2006 20
171 1954 323 2008 ἐστιν
370 1959 479 2024 ἴση.
555 1954 648 2008 καὶ
696 1951 812 2008 ἐπεὶ
860 1958 951 2022 ἴση
1002 1951 1152 2007 ἐστὶν
1199 1949 1232 2021 ἡ
1274 1956 1383 2007 ΒΓ
1426 1955 1491 2025 τῇ
1533 1958 1670 2023 ΒΔ,
1727 1952 1760 2026 ἡ
1802 1954 1863 2011 δὲ
1930 2002 1933 2005 ,

166 2046 291 2097 ΗΚ
326 2044 391 2115 τῇ
433 2047 572 2111 ΚΝ,
617 2048 744 2096 ἴσον
783 2039 894 2111 ἄρα
934 2039 1047 2095 ἐστὶ
1087 2039 1179 2094 καὶ
1219 2038 1280 2094 τὸ
1320 2040 1423 2111 μὲν
1462 2045 1575 2095 ΓΚ
1608 2044 1684 2116 τῷ
1724 2048 1862 2115 ΚΔ,

163 2128 226 2185 τὸ
271 2130 332 2185 δὲ
371 2135 487 2184 ΗΡ
520 2133 594 2206 τῷ
636 2135 759 2185 ΡΝ.
822 2127 963 2184 ἀλλὰ
1001 2127 1065 2184 τὸ
1105 2133 1218 2183 ΓΚ
1254 2131 1330 2205 τῷ
1372 2134 1482 2184 ΡΝ
1521 2131 1671 2186 ἐστιν
1711 2138 1860 2187 ἴσον·

164 2219 652 2290 παραπληρώματα
690 2217 798 2289 γὰρ
838 2220 938 2273 τοῦ
978 2223 1084 2274 ΓΟ
1118 2218 1728 2291 παραλληλογράμμου·
1768 2221 1860 2276 καὶ

163 2307 225 2363 τὸ
275 2312 332 2362 Κ
342 2315 396 2362 Δ
435 2305 545 2378 ἄρα
583 2310 659 2382 τῷ
699 2312 817 2361 ΗΡ
851 2312 978 2362 ἴσον
1017 2308 1196 2363 ἐστίν·
1258 2306 1326 2362 τὰ
1365 2309 1606 2380 τέσσαρα
1646 2307 1755 2381 ἄρα
1792 2308 1859 2365 τὰ

72 2408 130 2448 25
164 2402 308 2466 ΔΚ,
364 2401 499 2464 ΓΚ,
553 2400 688 2465 ΗΡ,
743 2401 859 2450 ΡΝ
899 2403 993 2450 ἴσα
1046 2394 1308 2467 ἀλλήλοις
1361 2398 1526 2453 ἐστίν.
1625 2396 1692 2452 τὰ
1741 2399 1858 2454 τέσ-

281 2548 322 2588 2.
357 2541 490 2600 ἔτυχε
523 2558 568 2600 p.
691 2549 732 2587 3.
766 2539 994 2615 τετράκης
1023 2544 1077 2598 V,
1121 2558 1235 2589 corr.
1268 2558 1329 2588 m.
1355 2548 1395 2589 2.
1520 2550 1561 2589 5.
1597 2541 1722 2590 ἐστίν
1754 2543 1855 2592 FV.

221 2598 319 2647 από
351 2602 422 2659 τε]
455 2601 565 2657 BV;
609 2618 657 2647 τε
692 2597 788 2646 ἀπό
820 2603 919 2659 Pp,
964 2600 1060 2647 άπό
1094 2602 1144 2648 F.
1330 2608 1371 2647 7.
1403 2620 1464 2647 αν
1469 2603 1754 2664 αγραφέντι]
1788 2622 1855 2649 τι
1954 2660 1956 2665 Α

160 2665 326 2718 postea
358 2661 463 2707 add.
498 2660 545 2705 F.
673 2665 711 2705 8.
753 2659 884 2718 ἔτυχε
916 2677 963 2719 p.
1087 2667 1186 2706 9.τ
1161 2659 1390 2733 τετράκης
1421 2662 1484 2717 V,
1518 2676 1634 2709 corr.
1667 2680 1727 2709 m.
1754 2669 1794 2710 2.
1954 2694 1956 2701 ·

164 2726 232 2765 11.
266 2716 542 2780 τετραγώνῳ
574 2736 620 2778 p.
775 2717 900 2765 ἐστίν
933 2720 988 2765 V.
1143 2726 1212 2766 13.
1244 2718 1355 2779 γάρ]
1389 2735 1478 2766 om.
1511 2721 1562 2767 F.
1682 2723 1738 2782 τῇ
1772 2728 1854 2767 ΑΒ
1954 2739 1956 2743 ⁴

163 2776 302 2824 εὖθει
291 2780 354 2837 α]
387 2767 581 2824 Theon?
615 2780 827 2837 (BFVp;
862 2775 1037 2824 εὖθεία
1067 2780 1143 2834 Β);
1175 2795 1235 2824 m.
1266 2795 1356 2825 reo.
1389 2780 1438 2825 P.
1588 2786 1656 2826 14.
1690 2784 1823 2838 ἴσητ
1798 2783 1853 2841 τῇ
1953 2814 1956 2821 .

163 2842 246 2881 ΓΒ
278 2838 326 2882 Ρ.
453 2839 557 2910 ΓΒ]
593 2842 685 2883 ΒΓ
710 2840 761 2885 F.
885 2839 994 2897 BA]
1029 2842 1115 2883 ΔΒ
1149 2839 1210 2893 V;
1243 2853 1358 2885 corr.
1391 2845 1519 2885 m.2.
1646 2847 1712 2886 17.
1749 2844 1833 2885 ΓΒ
1954 2861 1956 2866 ⁴

160 2897 329 2941 ΒΓΡ.
497 2893 592 2942 αλλ’
626 2897 676 2943 F
842 2902 909 2943 18
943 2899 1053 2957 ΒΔ]
1087 2901 1174 2942 ΛΒ
1199 2873 1262 2954 ',V
1295 2912 1410 2943 corr.
1442 2914 1503 2944 m.
1530 2903 1572 2944 2.
1724 2842 1854 2959 FN}
1953 2958 1956 2962 .
