1956 3074
181 131 292 185 120
421 183 428 189 ,
818 132 1155 175 ΣΤοΙΧΕΙῼΝ
1186 128 1249 190 β.
1430 184 1432 187 .
1923 0 1956 260 1

277 248 479 321 ’Ήχθω
517 250 627 323 γὰρ
666 247 792 306 ἀπὸ
816 253 918 306 τοῦ
957 255 1005 305 Β
1045 253 1110 323 τῇ
1150 255 1261 305 ΒΓ
1290 249 1431 323 πρὸς
1471 249 1650 322 ὀρθὰς
1688 249 1722 323 ἡ
1755 258 1879 323 ΒΖ,
1948 291 1956 345 !

178 338 271 392 καὶ
318 342 529 394 κείσθω
575 341 642 411 τῇ
682 346 736 393 A
776 344 867 409 ἴση
908 336 942 408 ἡ
982 343 1122 409 ΒΗ,
1168 339 1262 393 καὶ
1303 337 1396 394 διὰ
1437 338 1540 410 μὲν
1577 343 1678 395 τοῦ
1717 345 1782 395 H
1813 344 1881 412 τῆ

179 431 291 481 ΒΓ
316 425 670 500 παράλληλος
708 425 869 498 ἤχθω
911 424 945 497 ἡ
979 431 1110 497 ΗΘ,
1152 425 1247 482 διὰ
1286 427 1348 483 δὲ
1378 431 1492 484 τῶν
1519 434 1592 498 Δ,
1632 434 1698 499 Ε,
1739 431 1882 500 Γτῇ

181 520 300 570 ΒΗ
337 514 683 588 παράλληλοι
723 514 997 586 ἤχθωσαν
1037 518 1099 570 αἱ
1136 522 1273 586 ΔΚ,
1315 522 1442 587 ΕΛ,
1483 522 1598 572 ΓΘ.

119 618 148 657 5
277 602 435 659 Ἴσον
476 605 546 675 δή
589 606 701 660 ε’στι
740 603 803 660 τὸ
844 610 950 659 ΒΘ
983 616 1100 670 τοῖς
1131 610 1260 675 ΒΚ,
1302 612 1436 676 ΔΛ,
1478 611 1595 661 ΕΘ.
1635 610 1733 661 καί
1766 608 1883 662 ε’στι

179 691 243 748 τὸ
285 692 387 764 μὲν
426 698 531 747 ΒΘ
569 692 632 748 τὸ
673 690 784 747 ὑπὸ
823 696 938 747 τῶν
977 700 1047 763 A,
1088 698 1220 767 B‘I'·
1283 695 1588 766 περιέχεται
1628 693 1734 764 μὲν
1773 693 1882 765 γὰρ

180 779 283 837 ὑπὲ
339 784 452 837 τῶν
492 787 632 852 ΗΒ,
673 786 803 851 ΒΓ,
852 788 942 852 ἴση
992 781 1054 837 δὲ
1093 779 1127 853 ἡ
1167 788 1289 838 ΒΗ
1319 786 1385 855 τῇ
1426 790 1506 838 Α·
1566 780 1629 838 τὸ
1670 782 1731 839 δὲ
1770 789 1885 839 ΒΚ

180 868 243 925 τὸ
300 867 411 926 ὑπὸ
467 873 580 927 τῶν
628 878 707 941 A,
753 875 897 925 BA·
960 872 1266 943 περιέχεται
1314 870 1415 942 μὲν
1463 868 1568 943 γὰρ
1619 869 1730 927 ὑπὸ
1769 875 1884 927 τῶν

182 965 317 1031 ΗΒ,
343 965 475 1031 ΒΔ,
516 965 607 1031 ἴση
650 958 712 1015 δὲ
750 957 935 1030 ἡΒΗ
957 962 1024 1032 τῇ
1049 967 1115 1015 Α.
1176 958 1239 1016 τὸ
1283 960 1345 1015 δὲ
1370 965 1485 1014 ΔΛ
1524 958 1585 1015 τὸ
1626 957 1737 1016 ὑπὸ
1769 963 1884 1016 τῶν

94 1060 153 1100 10
186 1056 255 1118 A,
296 1054 438 1103 AE·
479 1054 571 1119 ἴση
611 1047 722 1121 γὰρ
762 1046 796 1120 ἡ
830 1054 967 1119 ΛΚ,
1006 1049 1293 1107 τουτέστιν
1333 1047 1367 1119 ἡ
1400 1054 1530 1119 ΒΗ,
1569 1052 1635 1121 τῇ
1672 1057 1739 1104 A.
1791 1049 1884 1104 καὶ

183 1141 263 1192 ἔτι
304 1135 510 1208 ὁμοίως
547 1134 610 1192 τὸ
651 1143 757 1193 ΕΘ
795 1135 857 1193 τὸ
899 1135 1008 1192 ὑπὸ
1049 1141 1163 1194 τῶν
1203 1145 1270 1210 A,
1320 1143 1451 1192 ΕΓ·
1515 1135 1577 1192 τὸ
1624 1136 1734 1209 ἄρα
1773 1135 1883 1193 ὑπὸ

181 1230 296 1283 τῶν
328 1234 400 1297 A,
439 1229 551 1280 ΒΓ
586 1231 711 1281 ἴσον
752 1225 867 1281 ἐστὶ
906 1229 982 1302 τῷ
1022 1247 1080 1281 τε
1118 1223 1228 1281 ὑπὸ
1270 1233 1341 1297 A,
1381 1231 1495 1280 BA
1526 1226 1619 1281 καὶ
1658 1230 1733 1302 τῷ
1774 1224 1885 1282 ὑπὸ

182 1322 255 1385 A,
298 1320 415 1369 ΔΕ
450 1315 663 1388 καὶζέτι
701 1317 778 1391 τῷ
819 1311 929 1371 ὑπὸ
970 1323 1040 1385 A,
1080 1319 1199 1371 ΕΓ.

293 1401 425 1459 Ἐὰν
466 1401 575 1474 ἄρα
616 1395 720 1458 ὦσι
760 1402 868 1458 δύο
908 1401 1146 1474 εὐθεῖαι,
1185 1405 1372 1475 τμηθῇ
1414 1402 1474 1459 δὲ
1514 1401 1548 1474 ἡ
1590 1405 1749 1476 ἑτέρα
1789 1403 1884 1460 αὐ-

98 1503 154 1544 15
186 1496 302 1548 τῶν
340 1495 419 1557 εἰς
454 1488 848 1562 ὁσαδηποτοῦν
879 1491 1150 1563 τμήματα,
1189 1490 1252 1547 τὸ
1286 1491 1682 1563 περιεχόμενον
1716 1490 1886 1563 ὀρθο-

186 1580 399 1653 γώνιον
444 1578 555 1636 ὑπὸ
603 1583 717 1636 τῶν
755 1579 870 1652 Ϊδύο
918 1578 1160 1636 εὐθειῶν
1201 1586 1328 1636 ἴσον
1368 1580 1481 1635 ἐστὶ
1519 1591 1637 1647 τοῖς
1675 1578 1786 1637 ὑπό
1829 1604 1887 1637 τε

186 1673 283 1741 τῆς
323 1666 569 1741 ἀτμήτου
599 1668 692 1724 καὶ
725 1668 963 1724 ἑκάστου
993 1671 1107 1724 τῶν
1138 1667 1438 1740 τμημάτων
1469 1670 1887 1742 περιεχομένοις

188 1756 590 1831 ὀρθογωνίοις·
632 1755 767 1829 ὅπερ
808 1761 921 1814 ἔδει
962 1759 1152 1824 δεῖξαι.

97 2036 160 2077 20
299 2022 448 2079 Ἐὰν
497 2021 729 2078 εὐθεῖα
775 2020 1035 2095 γραμμὴ
1082 2025 1329 2096 τμηθῇ,
1382 2020 1463 2088 ὡς
1511 2027 1766 2096 ἔτυχεν,
1821 2024 1891 2081 τὸ

187 2110 314 2170 ὑπὸ
355 2115 466 2183 τῆς
506 2109 662 2182 ὅλης
692 2110 800 2166 καὶ
833 2111 1150 2183 ἑκατέρου
1180 2114 1308 2167 τῶν
1339 2112 1689 2184 τμημάτων
1713 2134 1892 2186 περι-

188 2201 511 2274 εχόμενον
574 2197 1002 2273 ὀρθογώνιον
1066 2205 1214 2255 ἴσον
1278 2200 1415 2256 ἐστὶ
1470 2204 1552 2277 τῷ
1609 2199 1732 2257 ἀπὸ
1781 2205 1893 2273 τῆς

191 2289 347 2361 ὅλης
385 2288 788 2364 τετραγώνῳ.

303 2375 522 2434 Εὐθεῖα
560 2375 668 2449 γὰρ
707 2373 877 2448 ἡΑΒ
916 2376 1228 2449 τετμήσθω,
1269 2375 1344 2444 ὥς
1382 2381 1600 2451 ἔτυχεν,
1649 2377 1786 2435 κατὰ
1828 2378 1890 2436 τὸ

100 2479 161 2521 25
193 2471 247 2522 Γ
280 2478 525 2538 σημεῖον·
602 2467 764 2537 λέγω,
806 2463 891 2521 ὅτι
932 2464 994 2521 τὸ
1035 2463 1146 2522 ὑπὸ
1186 2470 1301 2522 τῶν
1340 2473 1468 2537 ΑΒ,
1508 2472 1620 2523 ΒΓ
1650 2468 1893 2540 περιεχό-

315 2634 354 2675 1.
389 2629 493 2687 ΒΖ]
526 2642 642 2673 corr.
676 2642 731 2673 ex
764 2632 843 2672 ZB
875 2628 994 2673 Vm.
1012 2633 1052 2672 2.
1175 2632 1217 2674 4.
1252 2632 1350 2673 ΔΚ
1408 2632 1504 2672 ΚΔ
1534 2628 1586 2673 Β.
1710 2634 1749 2674 5.
1785 2630 1893 2689 ΔΛ]

197 2693 232 2734 Δ
265 2703 290 2734 e
323 2702 437 2733 corr.
470 2692 575 2732 m.2
608 2688 660 2731 F.
784 2693 823 2733 6.
857 2684 932 2761 26]
967 2686 1081 2744 (alb.)
1114 2686 1165 2731 in
1195 2701 1285 2732 ras.
1393 2689 1550 2745 (supra
1580 2687 1642 2748 τῷ
1674 2704 1734 2733 m.
1768 2691 1892 2744 ree).

256 2753 295 2793 7.
329 2747 443 2814 ΗΒ]
478 2750 577 2790 ΒΗ
602 2762 647 2804 p.
792 2752 834 2792 8.
867 2747 942 2805 το]
976 2746 1040 2802 τῷ
1072 2746 1174 2791 PV.
1321 2751 1362 2791 9.
1394 2747 1511 2792 Post
1541 2751 1578 2790 A
1609 2761 1699 2792 ras.
1731 2747 1893 2804 paullo

191 2808 343 2852 maior
372 2805 498 2851 linea
527 2806 578 2851 F.
699 2802 772 2864 τό]
809 2806 928 2862 (alb.)
961 2805 1022 2864 τῷ
1056 2805 1157 2849 PV.
1253 2810 1323 2851 10.
1342 2805 1462 2863 ΒΗ]
1495 2805 1545 2850 in
1574 2821 1663 2851 ras.
1696 2822 1757 2851 m.
1777 2813 1803 2852 2
1837 2807 1892 2852 V.

195 2871 266 2910 11.
299 2862 372 2924 τό]
409 2866 525 2923 (alt.)
558 2865 620 2924 τῷ
654 2865 755 2910 PV.
897 2870 966 2910 12.
995 2851 1124 2908 ἐστίν
1155 2864 1403 2923 Ρ.τῷ
1435 2879 1484 2909 τε
1517 2861 1636 2934 ὑπό]
1669 2870 1766 2916 τοῖς
1797 2862 1893 2910 ὑπό

193 2940 244 2969 τε
278 2925 337 2979 F3
370 2925 433 2982 τῷ
467 2939 583 2969 corr.
616 2938 671 2969 ex
703 2941 802 2976 τοις
833 2939 893 2969 m.
913 2929 938 2968 2
973 2926 1020 2968 et
1049 2926 1159 2980 post
1188 2920 1283 2968 ὑπό
1308 2937 1399 2969 ras,
1414 2924 1479 2978 V;
1513 2924 1576 2984 τῷ
1602 2940 1651 2969 τε
1677 2920 1771 2970 ὑπὸ
1797 2925 1893 2970 τῶν
