1956 3074
139 677 166 716 5

109 1119 165 1158 10

107 1561 162 1601 15

107 2004 164 2043 20

107 2447 165 2487 25

200 135 273 188 98
663 122 666 124 ’
834 135 1172 178 mommsen
1204 131 1269 179 α’.

935 307 938 310 ’
982 295 1105 366 μβ’·

318 404 414 476 Τῷ
457 399 734 455 δοθέντι
773 398 1071 473 τριγώνῳ
1113 406 1263 453 ἴσον
1301 397 1895 470 παραλληλόγραμ-

202 513 324 562 μον
373 486 836 558 συστήσασθαι
885 487 955 540 ἐν
1000 489 1074 558 τῇ
1128 489 1409 559 δοθείσῃ
1450 490 1658 559 γωνίᾳ
1698 484 1895 541 εὐθυ-

199 578 489 652 rodun&-

295 665 477 722 ’Έστω
528 662 591 719 τὸ
631 663 733 735 μὲν
774 661 951 718 δοθὲν
989 667 1268 734 τρίγωνον
1307 661 1369 718 τὸ
1411 668 1593 733 ΑΒΓ,
1626 660 1660 733 ἡ
1701 662 1763 718 δὲ
1802 666 1895 719 δο-

197 764 366 812 θεῖσα
403 757 583 824 γωνία
623 750 1024 823 εὐθύγραμμος
1062 748 1095 822 ἡ
1130 758 1186 805 Δ
1203 770 1212 780 ·
1254 754 1343 806 δεῖ
1373 749 1442 822 δὴ
1475 754 1551 826 τῷ
1584 757 1757 806 ΑΒΓ
1781 774 1894 824 τρι-

197 844 362 918 γώνῳ
415 848 542 897 ἴσον
581 840 1162 912 παραλληλόγραμμον
1203 839 1590 910 συστήσασθαι
1632 841 1693 895 ἐν
1733 843 1798 913 τῇ
1842 846 1897 895 Δ

198 936 378 1005 γωνίᾳ
417 927 814 1003 εὐθυγράμμῳ.

317 1018 621 1089 Τετμήσθω
662 1014 696 1087 ἡ
736 1020 847 1071 ΒΓ
881 1018 1008 1087 δίχα
1046 1016 1183 1072 κατὰ
1223 1018 1286 1073 τὸ
1329 1024 1403 1087 Ε,
1451 1016 1543 1072 καὶ
1584 1015 1893 1089 ἐπεζεύχθω

198 1107 231 1178 v‘g
273 1114 410 1178 ΑΕ,
460 1106 553 1161 καὶ
610 1103 926 1161 συνεστάτω
981 1104 1121 1178 πρὸς
1170 1110 1234 1179 τῇ
1283 1110 1391 1162 ΕΓ
1434 1104 1630 1179 εὐθείᾳ
1676 1108 1768 1161 καὶ
1818 1109 1895 1182 τῷ

195 1195 334 1270 πρὸς
373 1197 512 1268 αὐτῇ
554 1199 761 1269 σημείῳ
801 1196 877 1268 τῷ
903 1199 955 1249 Ε
986 1197 1052 1266 τῇ
1080 1201 1134 1248 Λ
1158 1200 1336 1270 γωνίᾳ
1376 1203 1466 1266 ἴση
1508 1192 1541 1267 ἡ
1583 1192 1692 1250 ὑπὸ
1717 1198 1895 1265 ΓΕΖ,

193 1286 289 1341 καὶ
337 1283 430 1340 διὰ
471 1283 573 1355 μὲν
613 1285 715 1339 τοῦ
754 1289 806 1336 Α
843 1285 908 1354 τῇ
950 1287 1060 1337 ΕΓ
1091 1282 1443 1355 παράλληλος
1481 1282 1643 1354 ἤχθω
1683 1280 1718 1354 ἡ
1758 1289 1895 1354 ΑΗ,

197 1373 291 1429 διὰ
334 1373 396 1429 δὲ
434 1374 538 1428 τοῦ
576 1376 630 1427 Γ
660 1374 726 1443 τῇ
770 1376 872 1425 ΕΖ
912 1370 1267 1442 παράλληλος
1306 1369 1466 1443 ἤχθω
1506 1369 1540 1442 ἡ
1583 1375 1723 1427 ΓΗ·
1764 1390 1896 1443 παρ-

196 1461 666 1534 αλληλόγραμμον
728 1458 839 1531 ἄρα
890 1459 1004 1514 ἐστὶ
1050 1458 1112 1515 τὸ
1162 1465 1406 1515 ΖΕΓΗ.
1491 1460 1583 1514 καὶ
1639 1460 1754 1515 ἐπεὶ
1804 1467 1895 1531 ἴση

197 1552 349 1609 ἐστὶν
389 1548 423 1621 ἡ
464 1555 576 1605 ΒΕ
602 1551 668 1621 τῇ
701 1552 830 1617 ΕΓ,
871 1554 996 1603 ἴσον
1038 1548 1152 1603 ἐστὶ
1190 1548 1283 1603 καὶ
1321 1546 1384 1603 τὸ
1418 1553 1591 1603 ΑΒΕ
1617 1552 1896 1620 τρίγωνον

194 1644 271 1717 τῷ
312 1643 486 1695 ΑΕΓ
516 1635 791 1711 τριγώνῳ·
834 1637 927 1691 ἐπί
960 1658 1018 1692 τε
1057 1635 1164 1709 γὰρ
1205 1644 1345 1693 ἴσων
1383 1635 1607 1708 βάσεών
1640 1640 1748 1692 εἰσι
1778 1639 1894 1691 τών

194 1734 320 1795 ΒΕ,
359 1732 470 1783 ΕΓ
517 1726 611 1782 καὶ
666 1727 726 1781 ἐν
780 1734 901 1790 ταῖς
951 1723 1145 1791 αὐταῖς
1183 1728 1559 1798 παραλλήλοις
1604 1735 1724 1791 ταῖς
1775 1728 1895 1794 ΒΓ,

196 1825 249 1873 Α
258 1822 342 1872 Η·
384 1814 681 1871 διπλάσιον
722 1813 830 1887 ἄρα
871 1814 985 1870 ἐστὶ
1016 1811 1080 1869 τὸ
1108 1818 1279 1869 ΑΒΓ
1294 1819 1572 1886 τρίγωνον
1603 1822 1706 1869 τοῦ
1728 1816 1903 1868 ΑΕΓ

195 1904 491 1978 τριγώνου.
555 1908 669 1959 ἔστι
710 1902 772 1958 δὲ
810 1902 903 1958 καὶ
940 1899 1004 1957 τὸ
1047 1906 1279 1957 ΖΕΓΗ
1310 1901 1895 1974 παραλληλόγραμμον

197 1992 498 2050 διπλάσιον
542 1995 644 2047 τοῦ
692 1995 866 2046 ΑΕΓ
905 1989 1206 2061 τριγώνου·
1268 1990 1437 2061 βάσιν
1484 2011 1541 2046 τε
1586 1987 1692 2061 γὰρ
1741 1987 1894 2064 αὐτῷ

194 2081 298 2153 τὴν
339 2079 518 2153 αὐτὴν
557 2084 668 2152 ἔχει
706 2080 799 2134 καὶ
840 2081 900 2134 ἐν
938 2089 1059 2144 ταῖς
1091 2075 1285 2145 αὐταῖς
1317 2081 1467 2135 ἐστιν
1499 2076 1650 2154 αὐτῷ
1688 2083 1894 2149 παραλ-

195 2170 408 2242 λήλοις·
465 2175 591 2224 ἴσον
644 2165 753 2239 ἄρα
793 2166 907 2222 ἐστὶ
945 2165 1007 2222 τὸ
1051 2172 1282 2223 ΖΕΓΗ
1312 2165 1896 2239 παραλληλόγραμμον

195 2262 271 2335 τῷ
312 2263 484 2314 ΑΒΓ
513 2255 783 2331 τριγώνῳ.
840 2255 933 2310 καὶ
988 2259 1098 2327 ἔχει
1150 2256 1254 2327 τὴν
1307 2253 1418 2311 ὑπὸ
1467 2259 1627 2310 ΓΕΖ
1681 2259 1895 2326 γωνίαν

205 2354 333 2419 ἴσην
372 2350 438 2420 τῇ
482 2350 716 2417 δοθείσῃ
756 2347 822 2416 τῇ
865 2351 933 2398 Δ.

316 2438 405 2511 Τῷ
458 2433 568 2506 ἄρα
616 2434 846 2489 δοθέντι
892 2431 1146 2507 τριγώνῳ
1193 2436 1270 2506 τῷ
1311 2438 1483 2489 ΑΒΓ
1525 2440 1650 2488 ἴσον
1688 2438 1895 2503 παραλ-

317 2598 456 2642 XLII.
490 2596 679 2642 Boetius
710 2611 755 2653 p.
781 2600 886 2651 384,
906 2601 972 2640 13.
1029 2594 1168 2652 Apud
1199 2596 1418 2640 Proclum
1450 2595 1625 2640 excidit
1655 2595 1704 2639 in
1736 2595 1892 2648 codd.;

197 2657 387 2702 Boetius
418 2671 551 2714 prop.
583 2655 774 2700 XLII—
785 2654 933 2698 XLIII
963 2654 1262 2711 permutauit.

319 2809 360 2849 3.
394 2802 742 2876 συστήσασθαι]
776 2817 1053 2859 συστησεται
1085 2819 1120 2859 φ
1155 2802 1206 2859 (F
1239 2800 1598 2858 συστησασθαι).
1732 2799 1805 2860 ἐν]
1840 2797 1894 2846 ἐν

198 2865 370 2923 γωνίᾳ,
417 2859 450 2919 ἥ
489 2861 615 2908 ἐστιν
659 2865 734 2919 ἴση
773 2876 830 2907 ex
860 2862 1026 2907 Proclo
1064 2861 1114 2905 in
1152 2875 1284 2919 prop
1317 2861 1461 2905 XLIV
1496 2860 1676 2917 recepit
1706 2860 1896 2918 August

199 2908 426 2966 suadente
459 2921 708 2979 Gregori03
758 2920 839 2967 cfr.
874 2921 1151 2978 Campanus.
1321 2924 1358 2964 7.
1393 2919 1472 2978 τῇ]
1506 2920 1541 2964 Ρ
1565 2933 1626 2963 m.
1650 2924 1688 2977 1,
1720 2919 1818 2976 Fb,
1851 2917 1894 2961 V
