1956 3074
196 36 323 90 -320
852 37 1190 80 ΣΤοΙΧΕΙΩΝ
1221 33 1287 80 δ’.

214 159 348 226 ΑΓ,
403 152 766 225 πενταγώνου
821 153 884 210 δὲ
939 153 1278 226 ἰσοπλεύρου
1324 153 1357 226 ἡ
1413 162 1551 212 ΑΒ·
1623 158 1759 212 οἵων
1800 156 1910 230 ἄρα

214 243 365 298 ἐστὶν
421 239 450 298 ὅ
511 248 738 298 ΑΒΓΔ
800 225 1001 309 κυκλος
1064 250 1203 299 ἴσων
1257 243 1555 316 τμήματων
1596 246 1909 315 δεκαπέντε,

211 329 486 387 τοιούτων
538 327 573 402 ἡ
631 330 733 402 μὲν
788 335 964 386 ΑΒΓ
1009 332 1331 404 περιφέρεια
1384 337 1573 404 τρίτον
1620 325 1764 388 οὖσα
1809 338 1911 390 τοῦ

210 418 422 475 κύκλου
462 423 616 474 ἔσται
648 419 827 490 πέντε,
852 416 885 489 ἡ
914 418 977 474 δὲ
1008 425 1116 474 ΑΒ
1166 421 1497 493 περιφέρεια
1526 422 1733 492 πέμτον
1766 414 1910 478 οὖσα

153 519 181 559 5
212 517 315 564 τοῦ
353 507 565 564 κύκλου
605 511 758 563 ἔσται
795 510 998 579 τριῶν·
1047 507 1212 579 λοιπὴ
1254 506 1362 581 ἄρα
1401 505 1435 580 ἡ
1476 513 1587 565 ΒΓ
1618 512 1731 565 τῶν
1772 517 1911 566 ἴσων

213 595 335 653 δύο.
411 595 704 668 τετμήσθω
744 593 777 665 ’ᾗ
820 600 932 651 ΒΓ
965 598 1092 667 δίχα
1131 596 1268 652 κατὰ
1309 595 1372 653 τὸ
1397 602 1475 652 Ε·
1537 597 1765 670 ἑκατέρα
1803 597 1912 670 ἄρα

212 688 326 742 τῶν
373 691 505 756 ΒΕ,
562 688 675 739 ΕΓ
713 687 1082 757 περιφερειῶν
1122 685 1615 742 πεντεκαιδέκατόν
1656 688 1770 742 ἐστι
1808 691 1908 743 τοῦ

215 778 438 830 ΑΒΓΔ
476 774 697 829 κύκλου.

322 859 455 917 Ἐὰν
480 860 591 933 ἄρα
617 860 990 929 ἐπιζεύξαντες
1011 860 1110 928 τὰς
1132 868 1257 933 ΒΕ,
1283 867 1395 918 ΕΓ
1412 869 1534 929 ἴσας
1559 861 1753 930 αὐταῖς
1775 863 1911 919 κατὰ

130 962 184 1002 10
214 949 278 1007 τὸ
328 950 555 1022 συνεχὲς
602 952 826 1016 εὐθείας
873 949 1271 1023 ἐναρμόσωμεν
1318 953 1396 1016 εἰς
1437 949 1537 1007 τὸν
1584 957 1910 1022 ΑΒΓΛ[Ε]

214 1038 440 1109 κύκλον,
482 1043 633 1095 ἔσται
674 1042 753 1105 εἰς
793 1035 968 1094 αὐτὸν
1009 1040 1458 1112 ἐγγεγραμμένον
1496 1040 1914 1096 πεντεκαιδεκά-

213 1149 401 1199 γωνον
449 1125 786 1200 ἰσόπλευρόν
824 1148 881 1182 τε
920 1127 1011 1183 καὶ
1053 1127 1385 1199 ἰσογώνιον·
1456 1126 1590 1201 ὅπερ
1641 1131 1753 1184 ἔδει
1793 1148 1912 1184 ποι-

214 1218 361 1286 ἦσαα

313 1300 544 1374 Ὁμοίως
583 1303 646 1359 δὲ
684 1314 802 1369 τοῖς
842 1304 928 1359 ἐπὶ

128 1403 183 1444 15
215 1400 317 1448 τοῦ
334 1391 697 1462 πενταγώνου
714 1390 813 1448 ἐὰν
835 1392 929 1448 διὰ

214 1488 329 1536 τῶν
379 1478 517 1535 κατὰ
567 1478 668 1537 τὸν
720 1480 929 1538 κύκλον

217 1569 547 1642 διαιρέσεων
624 1571 930 1642 ἐφαπτομέ-
958 1611 1011 1666 B

215 1680 318 1724 νας
369 1661 472 1714 τοῦ
533 1658 743 1715 κύκλου
797 1657 931 1731 ἀγά-

216 1768 421 1818 γωμεν,
458 1748 929 1820 περιγραφήσεται

128 1848 187 1889 20
217 1836 343 1907 περὶ
374 1834 475 1891 τὸν
505 1835 715 1893 κύκλον
746 1807 1001 1895 πέντε-Ε

216 1923 636 1995 καιδεκάγωνον
677 1926 931 1983 ἰσόπλευ-

218 2012 323 2085 ρόν
368 2034 426 2069 τε
472 2014 566 2069 καὶ
613 2015 930 2087 ἰσογώνιον.

218 2104 297 2156 ἔτι
338 2101 399 2159 δὲ
440 2099 533 2157 διὰ
566 2106 678 2159 τῶν
719 2100 930 2175 ὁμοίων

217 2200 334 2255 τοῖς
380 2190 467 2246 ἐπὶ
513 2193 615 2247 τοῦ
654 2190 932 2262 πενταγώ-

129 2290 186 2330 25
217 2299 324 2336 νου
349 2280 575 2346 δείξεων
598 2279 691 2334 καὶ
717 2283 795 2345 εἰς
817 2277 880 2336 τὸ
908 2278 1084 2335 δοθὲν
1101 2278 1682 2350 πεντεκαιδεκάγωνον
1706 2278 1913 2335 κύκλον

219 2365 572 2439 ἐγγράψομέν
610 2388 669 2423 τε
706 2367 799 2423 καὶ
838 2366 1286 2441 περιγράψομεν·
1343 2365 1477 2439 ὅπερ
1518 2371 1631 2423 ἔδει
1670 2371 1913 2439 ποιῆσαι.

339 2534 380 2575 5.
416 2527 566 2598 ἔσται]
600 2546 674 2574 -αι
704 2530 755 2574 in
784 2543 875 2575 ras.
891 2530 947 2574 V.
1070 2526 1186 2588 ἄρα]
1221 2543 1310 2575 om.
1343 2529 1402 2585 P;
1434 2545 1494 2577 m.
1512 2535 1538 2575 2
1563 2530 1620 2587 V,
1654 2544 1794 2587 supra.
1824 2530 1875 2575 F.

221 2589 336 2648 ΒΓ]
374 2592 417 2632 Γ
441 2589 492 2633 in
522 2603 613 2636 ras.
644 2589 694 2633 F.
818 2594 858 2634 6.
901 2586 1011 2648 δύο]
1045 2585 1094 2647 β’
1128 2589 1176 2634 P.
1303 2587 1493 2649 ’1.ἐστι]
1528 2604 1617 2635 om.
1650 2587 1729 2646 Bp
1739 2586 1913 2644 ,ἔσται

219 2649 269 2693 Ρ.
380 2653 422 2693 9.
463 2649 578 2707 ΕΓ]
610 2647 670 2703 P,
704 2650 804 2692 ΕΓ
830 2644 1029 2700 εὐθείας
1060 2648 1227 2693 Theon
1259 2604 1764 2707 (BFVp).a231at;³]
1799 2662 1913 2694 corr.

222 2719 279 2751 ex
311 2703 462 2758 αὐτάς
493 2722 554 2751 m.
580 2713 631 2824 2g
638 2683 688 2753 Β.
816 2712 884 2752 10.
917 2710 1172 2764 ABPAR,
1206 2707 1276 2752 ed.
1302 2707 1444 2754 Basil.
1569 2713 1638 2754 11.
1669 2723 1913 2752 πεντεκαι-

221 2763 596 2825 δεκάγωνον]ῑῑι
676 2766 729 2811 Β.
883 2771 952 2812 12.
993 2766 1207 2824 ποιῆσαι]
1241 2767 1341 2822 δείξ
1318 2768 1396 2822 ξαι
1425 2767 1569 2826 BVp.
1724 2771 1843 2810 14—
1856 2771 1912 2811 26

220 2825 388 2870 habuit
403 2782 667 2882 Campangus
687 2825 765 2882 IV,
780 2830 848 2871 16.
915 2831 981 2871 16.
1015 2823 1117 2884 τόν]
1153 2839 1242 2871 om.
1274 2824 1326 2871 P.
1392 2831 1458 2872 18.
1492 2826 1600 2886 τοῦ]
1632 2822 1716 2877 τὰς
1745 2825 1829 2870 τοῦ
1861 2826 1913 2870 F.
1954 2878 1956 2881 ¹
