1956 3074
178 163 281 215 124
657 186 659 188 -
804 152 1140 207 ΣΤοῚΧΕΙΩΝ
1173 161 1236 224 β’.

278 280 720 355 Ἀναγεγράφθω
767 284 875 355 γὰρ
927 280 1038 338 ἀπὸ
1092 285 1190 354 τῆς
1240 288 1342 338 ΓΒ
1395 283 1750 355 τετράγωνον
1805 283 1867 341 τὸ

172 376 422 442 ΓΔΕΒ,
460 371 554 426 καὶ
594 369 813 443 διήχθω
853 368 888 442 ἡ
930 377 1045 425 ΕΛ
1084 371 1171 426 ἐπὶ
1210 369 1272 427 τὸ
1306 377 1369 442 Ζ,
1408 372 1502 427 καὶ
1542 372 1637 428 διὰ
1676 377 1778 429 τοῦ
1817 381 1870 429 Λ

173 456 412 535 ὁποτέρᾳ
449 462 563 515 τῶν
603 464 725 530 ΓΛ,
765 465 877 514 ΒΕ
910 458 1265 530 παράλληλος
1302 458 1460 531 ἤχθω
1501 458 1536 532 ἡ
1577 467 1699 517 ΑΖ.
1742 468 1870 518 ἴσον

173 547 242 618 δή
292 549 405 603 ἐστι
451 534 525 604 τὸ7
554 555 671 605 ΛΕ
705 559 823 614 τοῖς
860 555 997 618 ΑΔ,
1037 553 1170 603 ΓΕ·
1232 553 1330 603 καί
1364 551 1478 604 ἐστι
1517 548 1579 605 τὸ
1621 550 1722 622 μὲν
1761 557 1876 606 ΑΕ

114 650 140 688 5
172 633 235 692 τὸ
274 633 386 692 ὑπὸ
417 640 529 693 τῶν
554 643 684 708 ΑΒ,
724 641 836 692 ΒΓ
857 635 1256 709 περιεχόμενον
1290 635 1672 710 ὀρθογώνιον·
1720 659 1870 712 περι-

173 724 351 795 έχεται
391 725 494 796 μὲν
532 723 640 798 γὰρ
679 722 791 780 ὑπὸ
831 728 946 781 τῶν
984 731 1119 795 ΑΒ,
1167 731 1299 794 ΒΕ,
1348 732 1439 797 ἴση
1482 725 1544 782 δὲ
1582 724 1617 797 ἡ
1659 732 1771 782 ΒΕ
1805 730 1871 800 τῇ

172 817 304 867 ΒΓ·
367 811 430 868 τὸ
481 811 542 868 δὲ
593 820 712 882 ΑΔ
757 810 822 869 τὸ
871 809 981 869 ὑπὸ
1033 817 1147 869 τῶν
1186 819 1319 885 ΑΓ,
1359 819 1492 870 ΓΒ·
1558 820 1649 885 ἴση
1690 813 1796 887 γὰρ
1836 813 1871 887 ἡ

173 904 294 954 ΔΓ
323 902 388 972 τῇ
430 904 560 955 ΓΒ·
605 898 677 956 τὸ.
712 898 775 955 δὲ
814 906 927 955 ΔΒ
965 899 1029 956 τὸ
1070 899 1180 957 ἀπὸ
1219 905 1317 972 τῆς
1357 906 1458 957 ΓΒ
1496 902 1871 975 τετράγωνον·

172 986 235 1044 τὸ
287 987 398 1061 ἄρα
442 986 554 1045 ὑπὸ
601 992 715 1046 τών
757 995 896 1060 ΑΒ,
935 994 1046 1045 ΒΓ
1075 988 1473 1063 περιεχόμενον
1515 988 1875 1065 ὀρθογώνιον

85 1090 141 1131 10
174 1083 300 1134 ἴσον
341 1078 456 1133 ἐστὶ
495 1081 571 1154 τῷ
610 1076 721 1134 ὑπὸ
761 1080 875 1134 τῶν
914 1082 1040 1149 ΑΓ,
1066 1083 1171 1134 ΓΒ
1208 1081 1581 1155 περιεχομένῳ
1623 1078 1877 1153 ὀρθογω-

171 1171 277 1242 νίῳ
317 1164 451 1238 μετὰ
491 1170 596 1223 τοῦ
635 1163 744 1222 ἀπὸ
784 1169 884 1238 τῆς
922 1170 1035 1221 ΒΓ
1064 1167 1433 1239 τετραγώνου.
1949 1204 1956 1243 3

280 1252 414 1312 Ἐὰν
465 1253 574 1329 ἄρα
626 1252 823 1311 εὐθεῖα
872 1254 1099 1329 γραμμὴ
1154 1260 1369 1330 τμηθῇ,
1423 1254 1500 1323 ὡς
1549 1262 1759 1331 ἔτυχεν,
1814 1257 1877 1315 τὸ
1949 1269 1956 1322 ξ

173 1341 284 1399 ὑπὸ
332 1347 432 1416 τῆς
479 1343 613 1416 ὅλης
657 1343 752 1400 καὶ
800 1342 929 1410 ἑνὸς
974 1347 1088 1400 τῶν
1133 1343 1435 1416 τμημάτων
1475 1347 1878 1418 περιεχόμενον
1950 1364 1956 1417 ξ

175 1430 537 1505 ὀρθογώνιον
578 1440 704 1489 ἴσον
745 1434 860 1490 ἐστὶ
900 1436 975 1508 τῷ
1008 1455 1066 1489 τε
1108 1430 1219 1489 ὑπὸ
1251 1436 1365 1490 τῶν
1396 1433 1696 1506 τμημάτων
1727 1456 1876 1507 περι-
1953 1427 1956 1489 ζ

88 1535 143 1575 15
176 1523 421 1598 εχομένῳ
479 1519 815 1596 ὀρθογωνίῳ
853 1522 961 1577 ’καὶ
1016 1525 1091 1599 τῷ
1149 1520 1259 1578 ἀπὸ
1313 1526 1416 1579 τοῦ
1470 1525 1881 1597 προειρημένου
1954 1519 1956 1558 j

175 1610 457 1684 τμήματος
494 1610 863 1686 τετραγώνῳζ
888 1609 1023 1682 ὅπερ
1064 1614 1176 1667 ἔδει
1218 1614 1408 1679 δεῖξαι.

994 1773 1064 1831 δ’.

291 1874 440 1932 Ἐὰν
485 1874 720 1933 εὐθεῖα
767 1875 1030 1949 γραμμὴ
1076 1881 1320 1951 τμηθῇ,
1377 1875 1458 1950 ὡς
1505 1882 1758 1950 ἔτυχεν,
1805 1878 1876 1936 τὸ

178 1966 302 2023 ἀπὸ
368 1970 479 2039 τῆς
536 1964 693 2038 ὅλης
745 1966 1170 2038 τετράγωνον
1227 1973 1375 2023 ἴσον
1431 1967 1569 2023 ἐστὶ
1623 1978 1763 2033 τοῖς
1818 1989 1882 2024 τε

89 2069 146 2109 ⁴20
179 2053 304 2112 άπὸ
368 2059 497 2112 τῶν
557 2053 912 2126 τμημάτων
972 2054 1414 2127 τετραγώνοις
1473 2056 1582 2111 καὶ
1642 2059 1724 2131 τῷ
1781 2057 1884 2123 δὶς

179 2142 303 2201 ὑπὸ
345 2147 475 2200 τῶν
512 2142 866 2215 τμημάτων
905 2144 1352 2221 περιεχομένῳ
1395 2142 1807 2220 ὀρθογωνίῳ.

292 2231 513 2290 Εὐθεῖα
552 2230 660 2306 γὰρ
700 2230 923 2303 γραμμὴ
963 2229 998 2303 ἡ
1039 2240 1092 2287 A
1103 2239 1150 2288 Β
1189 2231 1514 2304 τετμήσθω,
1554 2231 1634 2299 ὡς
1671 2237 1882 2307 ἔτυχεν,

179 2321 316 2378 κατὰ
366 2320 430 2379 τὸ
471 2326 530 2377 Γ.
614 2321 786 2392 λέγω,
844 2318 931 2376 ὅτι
977 2319 1040 2377 τὸ
1088 2318 1197 2377 άπὸ
1246 2330 1343 2393 τῆς
1382 2328 1492 2377 ΑΒ
1529 2321 1883 2395 τετράγωνον

124 2455 129 2458 -
182 2420 308 2468 ἴσον
356 2411 473 2467 ἐστὶ
521 2420 639 2476 τοῖς
676 2431 734 2464 τε
773 2406 883 2465 ἀπὸ
923 2413 1037 2465 τῶν
1077 2414 1202 2480 ΑΓ,
1243 2414 1345 2466 ΓΒ
1383 2410 1755 2484 τετραγώνοις
1791 2411 1883 2467 καὶ

92 2514 148 2554 25
179 2504 255 2577 τῷ
298 2501 385 2566 δὶς
423 2497 532 2555 ὑπὸ
574 2501 689 2555 τών
728 2502 855 2568 ΑΓ,
895 2502 997 2553 ΓΒ
1036 2499 1408 2575 περιεχομένῳ
1450 2495 1800 2576 ὀρθογωνίῳ.

289 2586 731 2661 Ἀναγεγράφθω
782 2585 891 2659 γὰρ
943 2583 1053 2643 άπὸ
1107 2591 1205 2659 τῆς
1251 2594 1361 2643 ΑΒ
1413 2587 1766 2661 τετράγωνον
1819 2588 1882 2644 τὸ

302 2752 382 2797 IV.
416 2750 580 2796 Theon
610 2749 660 2794 in
690 2749 888 2794 Ptolem.
922 2764 968 2806 p.
989 2755 1088 2796 184.
1137 2750 1326 2796 Boetius
1358 2766 1403 2807 p.
1430 2755 1621 2808 385,13.

304 2906 342 2944 1.
377 2899 481 2957 τῆς]
514 2898 597 2942 τοῦ
629 2897 680 2943 Ρ.
806 2897 911 2956 ΓΒ]
947 2900 1038 2940 ΒΓ
1067 2896 1157 2954 Fp.
1282 2903 1323 2944 2.
1360 2901 1540 2942 ΓΔΒΕ
1571 2898 1623 2956 Β,
1658 2914 1717 2945 m.
1738 2905 1764 2944 2
1797 2899 1852 2945 V.

185 2965 223 3005 7.
260 2959 368 3017 ΓΒ]
404 2962 438 3001 Β
473 2972 496 3002 e
531 2971 644 3001 corr.
677 2972 722 3014 p.
875 2952 986 3014 γάρ]
1023 2970 1137 3001 corr.
1173 2971 1229 3002 ex
1259 2953 1355 3013 ἄρα
1386 2962 1491 3002 m.2
1523 2958 1572 3003 F.
1698 2963 1737 3005 8.
1776 2959 1882 3017 ΓΒ]
