1956 3074
159 96 162 100 ·
235 85 344 138 266
883 86 1219 129 ΣΤΟΙΧΕῙΩΝ
1250 81 1312 142 γ’.

233 209 417 275 κλον,
464 200 498 274 ἡ
558 202 628 259 δὲ
666 206 1065 276 προσπίπτῃ,
1119 197 1153 276 ᾗ
1196 202 1266 259 δὲ
1305 201 1374 259 τὸ
1414 201 1538 260 ὑπὸ
1581 207 1732 275 [τῆς]
1776 202 1933 276 ὅλης

232 295 346 362 τῆς
383 292 749 363 τεμνούσης
786 292 894 347 καὶ
937 294 1049 363 τῆς
1081 290 1264 357 ἐκτὸς
1293 290 1934 365 ἀπολαμβανομένης

234 378 475 451 μεταξὺ
511 383 629 435 τοῦ
666 402 732 436 τε
772 381 1199 451 σημείου-καὶ
1236 382 1349 451 τῆς
1386 385 1627 453 κυρτῆς
1664 401 1932 454 περιφε-

187 532 193 537 .
231 473 412 541 ρείας
453 476 603 524 ἴσον
641 471 726 545 τῷ
761 465 882 524 ἀπὸ
919 472 1031 540 τῆς
1060 469 1627 541 προσπιπτούσης,
1665 468 1700 542 ἡ
1733 486 1932 543 προσ-

174 568 200 607 5
234 562 567 614 πίπτουσα
607 556 932 628 ἐφάψεται
972 561 1089 613 τοῦ
1127 557 1388 614 κύκλου.

344 645 557 701 κύκλου
603 644 710 718 γὰρ
757 649 858 701 τοῦ
909 651 1084 702 ΑΒΓ
1121 647 1376 718 εἰλήφθω
1416 669 1467 702 τι
1508 659 1740 720 σημεῖον
1781 646 1934 714 ἐκτὸς

232 735 295 791 τὸ
338 741 418 806 Δ,
464 734 558 789 καὶ
611 731 718 790 ἀπὸ
759 738 861 791 τοῦ
904 742 960 789 Δ
998 733 1137 807 πρὸς
1174 733 1274 791 τὸν
1313 740 1488 791 ΑΒΓ
1518 736 1726 792 κύκλον
1763 753 1935 807 προσ-

233 825 583 879 πιπτέτωσαν
637 822 742 879 δύο
792 821 1011 879 εὐθεῖαι
1059 826 1121 878 αἱ
1165 828 1355 894 ΔΓΑ,
1412 831 1549 896 ΔΒ,
1602 825 1694 880 καὶ
1741 823 1775 896 ἡ
1831 823 1933 896 μὲν

234 917 399 969 ΔΓΑ
429 913 671 983 τεμνέτω
702 911 804 968 τὸν
820 911 1048 980 κύκλον,
1079 910 1114 983 ἡ
1141 912 1204 968 δὲ
1228 919 1339 969 ΔΒ
1366 915 1768 986 προσπιπτέτω,
1795 918 1932 970 ἔστω

148 1013 203 1052 10
235 1000 298 1057 δὲ
336 1000 398 1057 τὸ
437 999 548 1057 ὑπὸ
588 1004 864 1072 τῶν-ΑΔ,
906 1005 1167 1056 ΔΓῖσον
1206 1005 1280 1077 τῷ
1322 1000 1430 1057 ἀπὸ
1470 1006 1568 1073 τῆς
1600 1009 1726 1059 ΔΒ.
1771 1004 1932 1074 λέγω,

236 1088 321 1146 ὅτι
361 1088 396 1162 ἡ
443 1097 498 1145 Δ
509 1096 557 1145 Β
597 1090 896 1162 ἐφάπτεται
934 1092 1036 1145 τοῦ
1076 1094 1247 1146 ΑΒΓ
1277 1090 1500 1147 κύκλου.

331 1177 531 1251 ’Ήχθω
578 1178 685 1253 γὰρ
725 1183 826 1235 τοῦ
865 1184 1037 1235 ΑΒΓ
1070 1181 1420 1252 ἐφαπτομένη
1460 1178 1494 1252 ἡ
1538 1187 1675 1251 ΔΕ,
1730 1182 1823 1237 καὶ
1863 1186 1935 1237 εἰ·

234 1268 441 1340 λήφθω
481 1269 544 1325 τὸ
583 1270 817 1341 κέντρον
856 1272 958 1324 τοῦ
999 1272 1170 1323 ΑΒΓ
1193 1268 1423 1339 κύκλου,
1463 1269 1555 1324 καὶ
1596 1274 1733 1325 ἔστω
1772 1268 1834 1326 τὸ
1870 1277 1932 1340 Ζ,

234 1357 327 1412 καὶ
367 1357 790 1430 ἐπεζεύχθωσαν
831 1360 893 1413 αἰ
922 1363 1043 1427 ΖΕ,
1077 1362 1198 1427 ΖΒ,
1233 1363 1357 1413 ΖΔ.
1403 1355 1437 1428 ἡ
1480 1357 1590 1428 ἄρα
1628 1356 1738 1414 ὑπὸ
1767 1365 1935 1414 ΖΕΔ

99 1507 104 1511 ,
149 1458 203 1498 15
236 1442 384 1518 ὀρθή
426 1448 591 1502 ἐστιν.
649 1446 741 1502 καὶ
783 1442 964 1516 ἐπεὶὴ
1008 1451 1124 1500 ΔΕ
1159 1445 1458 1516 ἐφάπτεται
1496 1449 1597 1502 τοῦ
1638 1451 1810 1502 ΑΒΓ
1839 1447 1934 1503 κύ-

235 1540 390 1605 κλου,
438 1536 622 1605 τέμνει
662 1533 725 1590 δὲ
764 1531 797 1604 ἡ
840 1538 1030 1604 ΔΓΑ,
1085 1532 1147 1590 τὸ
1191 1531 1301 1604 ἄρα
1338 1532 1448 1591 ὑπὸ
1489 1538 1604 1591 τῶν
1644 1542 1783 1607 ΑΔ,
1826 1540 1943 1591 ΔΓ

237 1630 363 1679 ἴσον
413 1623 527 1679 ἐστὶ
573 1626 650 1698 τῷ
698 1620 807 1679 ἀπὸ
847 1626 944 1693 τῆς
985 1628 1110 1678 ΔΕ.
1187 1615 1259 1693 ἦν
1307 1622 1369 1678 δὲ
1415 1623 1507 1678 καὶ
1554 1622 1616 1679 τὸ
1669 1621 1778 1679 ὑπὸ
1820 1627 1933 1680 τῶν

236 1719 373 1783 ΑΔ,
415 1717 532 1767 ΔΓ
558 1719 684 1768 ἴσον
722 1714 798 1786 τῷ
837 1709 946 1766 ἀπὸ
989 1713 1084 1781 τῆς
1117 1717 1257 1766 ΔΒ·
1295 1709 1358 1767 τὸ
1399 1709 1509 1784 ἄρα
1547 1709 1656 1768 ἀπὸ
1697 1716 1794 1783 τῆς
1823 1719 1939 1768 ΛΕ

237 1807 363 1856 ἴσον
405 1800 519 1856 ἐστὶ
566 1803 641 1875 τῷ
690 1797 800 1855 ἀπὸ
841 1802 938 1871 τῆς
979 1805 1118 1854 ΔΒ·
1190 1806 1282 1870 ἴση
1323 1797 1434 1873 ἄρα
1471 1798 1505 1871 ἡ
1548 1805 1764 1874 ΔΕ.τῇ
1807 1807 1934 1856 ΔΒ.

147 1901 204 1941 20
238 1890 352 1946 ἐστὶ
394 1889 456 1945 δὲ
493 1889 586 1944 καὶ
626 1887 661 1960 ἡ
703 1895 809 1944 ΖΕ
844 1891 909 1962 τῇ
952 1894 1053 1944 ΖΒ
1094 1895 1216 1959 ἴση·
1288 1888 1391 1944 δύο
1434 1887 1503 1961 δὴ
1544 1891 1606 1943 αἰ
1642 1895 1779 1960 ΔΕ,
1832 1895 1934 1944 ΕΖ

237 1978 342 2034 δύο
380 1989 502 2044 ταῖς
538 1983 667 2048 ΔΒ,
707 1983 813 2032 ΒΖ
853 1983 969 2032 ἴσαι
1009 1980 1181 2032 εἰσίν·
1221 1977 1313 2032 καὶ
1352 1976 1514 2047 βάσις
1553 1975 1741 2033 αὐτῶν
1772 1976 1934 2048 κοινὴ

234 2064 269 2138 ἡ
311 2073 451 2122 ΖΔ·
497 2070 677 2137 γωνία
715 2064 827 2134 ἄρα
865 2063 899 2136 ἡ
940 2062 1048 2120 ὑπὸ
1091 2071 1259 2120 ΔΕΖ
1297 2071 1476 2140 γωνία
1514 2069 1578 2139 τῇ
1617 2064 1727 2122 ὑπὸ
1770 2071 1935 2121 ΔΒΖ

236 2157 387 2212 ἐστιν
427 2163 536 2227 ἴση.
578 2153 726 2228 ὀρθὴ
761 2153 823 2210 δὲ
855 2151 888 2224 ἡ
921 2151 1031 2233 {mc}
1060 2159 1257 2209 AEZ·
1299 2153 1446 2227 ὀρθὴ
1487 2153 1596 2227 ἄρα
1633 2155 1725 2210 καὶ
1757 2152 1791 2226 ἡ
1824 2152 1934 2211 ὑπὸ

238 2251 420 2301 ΔΒΖ.
459 2249 558 2300 καί
593 2246 743 2300 ἐστιν
782 2241 816 2314 ἡ
860 2249 961 2298 ΖΒ
1003 2244 1377 2314 ἐκβαλλομένη
1419 2242 1740 2315 διάμετρος·
1797 2240 1830 2313 ἡ
1873 2242 1934 2298 δὲ

146 2344 203 2385 25
235 2337 300 2407 τῇ
342 2333 616 2408 διαμέτρῳ
668 2335 769 2388 τοῦ
808 2330 1017 2387 κύκλου
1055 2330 1195 2405 πρὸς
1234 2329 1416 2404 ὀρθὰς
1455 2329 1548 2386 ἀπ’
1593 2330 1766 2405 ἄκρας
1805 2329 1935 2402 ἆγο-

360 2531 398 2572 1.
431 2525 534 2584 τῆς]
566 2525 722 2580 deleo;
757 2540 818 2570 m.
844 2529 870 2568 2
904 2524 958 2569 V.
1099 2519 1171 2568 ὅλ-
1203 2524 1253 2567 in
1282 2537 1367 2568 ras.
1407 2539 1466 2568 m.
1493 2529 1519 2568 2
1553 2524 1608 2569 V.
1754 2529 1796 2569 2.
1829 2523 1931 2582 τῆς]

238 2585 404 2643 (prius)
428 2583 647 2639 PF,Vin
662 2598 768 2639 ras„
792 2584 906 2627 Bm.
931 2596 1047 2638 reo.;
1080 2597 1168 2627 om.
1202 2598 1246 2640 p.
1341 2588 1380 2627 6.
1415 2580 1590 2628 κύκλου
1646 2597 1787 2640 supra
1817 2597 1877 2627 m.
1906 2587 1926 2626 1

236 2645 273 2688 F
443 2649 511 2688 10.
546 2644 656 2702 ΑΔ]
690 2649 725 2688 Α
757 2644 793 2688 F
825 2658 886 2687 m.
914 2647 953 2698 1,
985 2642 1028 2686 V
1058 2657 1119 2687 m.
1148 2647 1193 2696 13
1230 2646 1271 2686 Δ
1302 2656 1441 2700 supra
1473 2656 1558 2687 scr.
1635 2642 1678 2687 V
1709 2658 1769 2686 m.
1795 2647 1837 2687 2.

238 2708 280 2748 Δ
292 2704 359 2762 Γ]
394 2707 439 2748 Γ
464 2702 520 2759 P;
556 2716 669 2748 corr.
702 2719 762 2748 m.
795 2715 886 2749 rec.
1012 2706 1079 2746 13.
1121 2699 1337 2759 κέντρον]
1372 2702 1422 2757 Ρ,
1463 2700 1499 2744 F
1530 2717 1591 2746 m.
1620 2707 1666 2758 1,
1704 2701 1814 2758 post
1843 2714 1932 2745 ras.

237 2762 301 2816 V3
352 2766 387 2806 Z
417 2761 614 2818 κέντρον
645 2762 742 2820 Bp,
771 2760 808 2804 F
839 2776 900 2806 m.
927 2766 953 2805 2
988 2761 1176 2818 (enam).
1299 2758 1496 2832 κύκλου]
1529 2776 1590 2806 m.
1616 2766 1642 2805 2
1674 2760 1729 2804 V.
1852 2757 1931 2804 uod

241 2819 355 2866 ἔστω
388 2818 441 2866 τὸ
469 2821 523 2879 Ζ]
558 2821 712 2877 PFV3
746 2835 836 2866 om.
863 2821 952 2877 Bp.
1078 2825 1146 2864 14.
1178 2815 1295 2877 ὑπό]
1328 2815 1357 2876 ἡ
1390 2815 1483 2863 ὑπο
1507 2820 1563 2875 V,
1598 2819 1685 2866 del.
1719 2815 1748 2875 ἡ
1781 2834 1842 2863 m.
1862 2824 1901 2862 1.

242 2884 308 2925 15.
345 2875 440 2925 ἔστι
471 2881 526 2925 V.
634 2886 702 2926 17.
734 2872 796 2937 ἦν
827 2877 880 2924 δὲ
914 2879 1021 2938 καί]
1055 2879 1113 2933 Ρ;
1146 2875 1395 2923 ὑπόκειται
1429 2879 1482 2924 δέ
1515 2879 1677 2924 Theon
1709 2877 1934 2935 (BFVp).
