1956 3074
529 74 990 118 ELEMENTORUM
1019 74 1202 116 LIBER
1232 75 1266 116 I.
1711 70 1744 123 9

53 198 202 266 liqua
254 198 436 248 autem
490 198 705 264 praeter
757 194 891 247 haee
945 192 1311 262 quadrilatera
1363 191 1606 260 trapezia
1655 191 1745 244 ad-

52 285 333 355 pellentur.

164 372 366 426 XXIII.
441 371 740 426 Parallelae
797 374 924 424 sunt
975 371 1176 438 lineae,
1238 385 1374 437 quae
1436 367 1494 420 in
1560 367 1746 421 eodem

53 462 216 532 plano
254 461 466 530 positae
505 463 560 513 et
597 461 656 513 in
694 463 976 528 utramque
1008 461 1219 528 partem
1251 456 1545 526 productae
1577 457 1633 508 in
1667 457 1747 508 in-

53 551 268 603 finitum
305 550 362 603 in
400 556 592 602 neutra
630 553 788 619 parte
828 549 1169 601 concurrunt.

722 710 1082 765 Postulata.

163 815 204 870 I.
244 815 571 886 postuletur,
602 819 664 868 ut
697 834 728 868 a
761 814 951 884 quouis
982 816 1185 882 puncto
1220 812 1288 865 ad
1320 811 1549 882 quoduis
1582 830 1748 882 pune-

53 909 170 959 tum
207 908 357 959 reeta
394 905 540 957 linea
580 905 821 958 dueatur.

164 994 232 1047 II.
294 993 370 1047 Et
415 996 478 1046 ut
515 996 666 1047 reeta
704 994 849 1046 linea
887 992 1181 1045 terminata
1219 991 1276 1044 in
1317 991 1581 1044 directum
1622 990 1748 1043 edu-

54 1087 205 1138 catur
243 1084 301 1136 in
338 1083 669 1137 continuum.

164 1171 261 1226 III.
321 1170 397 1225 Et
435 1175 497 1224 ut
535 1172 729 1241 quouis
770 1173 954 1224 centro
995 1169 1255 1238 radioque
1289 1168 1520 1222 circulus
1554 1167 1750 1221 descri-

53 1262 228 1315 batur.

166 1350 261 1404 IV.
322 1350 399 1403 Et
448 1368 635 1403 omnes
686 1353 862 1402 rectos
915 1348 1144 1418 angulos
1195 1348 1340 1400 inter
1393 1364 1449 1399 se
1497 1345 1750 1415 aequales

54 1457 185 1493 esse.

166 1527 233 1581 V.
293 1527 383 1597 Et,
424 1528 471 1580 si
507 1528 565 1579 in
604 1528 737 1580 duas
778 1527 951 1580 lineas
990 1528 1167 1579 rectas
1199 1527 1350 1578 recta
1380 1524 1624 1578 incidens
1658 1543 1750 1577 an-

54 1617 210 1687 gulos
258 1617 541 1670 interiores
591 1620 646 1670 et
694 1616 760 1669 ad
809 1615 1032 1668 eandem
1079 1616 1292 1682 partem
1339 1612 1548 1666 duobus
1587 1614 1749 1667 rectis

54 1705 290 1759 minores
339 1705 595 1775 effecerit,
650 1708 826 1758 rectas
873 1704 996 1756 illas
1044 1702 1101 1755 in
1148 1703 1422 1755 infinitum
1461 1701 1752 1772 productas

54 1812 399 1859 concurrere·
427 1794 496 1846 ad
550 1793 777 1846 eandem
831 1795 1068 1863 partem,
1122 1792 1179 1844 in
1236 1809 1342 1860 qua
1396 1790 1509 1844 sint
1565 1791 1752 1862 anguli

51 1883 260 1937 duobus
304 1884 465 1937 rectis
504 1883 757 1935 minores·

53 2047 295 2102 receptum
344 2043 553 2088 ordinem
598 2045 790 2088 tuentur
836 2041 892 2098 V,
940 2042 1154 2096 Proclus,
1205 2041 1495 2100 Simplicius,
1544 2041 1750 2099 Capella,

53 2104 267 2160 Boetius,
307 2103 583 2161 Campanus.
740 2108 808 2147 10.
856 2098 1101 2159 ἐκβάλλειν
1133 2101 1188 2146 V.
1343 2107 1413 2148 11.
1454 2097 1750 2159 γράφεσθαι]

54 2163 185 2209 eodd.
218 2177 379 2208 omnes
410 2165 458 2207 et
488 2162 803 2219 Philoponus;
843 2159 1028 2218 γράψαι
1060 2174 1116 2205 ex
1147 2160 1314 2206 Proelo
1345 2161 1525 2218 recepit
1554 2161 1751 2218 August.

117 2228 184 2268 13.
217 2218 455 2280 ἀλλήλαις]
489 2235 578 2267 om.
602 2221 659 2266 V.
793 2226 863 2266 15.
897 2217 1071 2266 εὐθεῖά
1105 2237 1174 2271 τις
1205 2221 1254 2265 P.
1395 2226 1465 2265 17.
1500 2217 1752 2271 ἐλάττονας

53 2282 245 2328 Proclus
274 2297 319 2340 p.
350 2286 448 2338 191,
469 2287 523 2326 18
557 2283 668 2338 (non
699 2297 744 2339 p.
765 2282 885 2338 364).
1007 2278 1092 2332 τὰς
1123 2275 1233 2338 δύο]
1267 2279 1507 2337 PBpr,
1541 2277 1628 2324 δύο
1661 2293 1750 2325 om.

52 2340 104 2396 F,
136 2341 327 2387 Pmclus
357 2340 445 2397 bis,
476 2341 734 2386 Martianus
768 2339 982 2397 Capella,
1013 2339 1230 2394 Boetius,
1262 2339 1369 2386 fort.
1401 2343 1541 2384 recte.
1684 2343 1749 2384 18.

53 2402 333 2458 συμπίπτειν
364 2397 449 2451 τὰς
481 2396 678 2452 εὐθείας
711 2397 1058 2460 ἐκβαλλομένας
1091 2395 1173 2455 ἐφ’
1208 2399 1400 2444 Proolus
1433 2414 1476 2456 p.
1507 2404 1606 2444 364.
1641 2414 1752 2456 συμ-

54 2461 243 2505 πίπτειν
291 2455 511 2516 ἀλλήλαις
554 2459 645 2505 PV
679 2455 917 2517 (ἀλλήλαις
964 2473 1078 2503 corr.
1128 2473 1183 2504 ex
1229 2455 1432 2515 ἀλλήλας
1462 2458 1533 2514 Ρ).
1681 2463 1749 2503 19.

11 2564 17 2570 ,
56 2515 324 2577 ἐλάσσονες]
357 2518 455 2575 Pp,
488 2519 678 2564 Proelus
710 2534 755 2577 p.
782 2523 891 2572 3643
926 2514 1173 2569 ἐλάττονες
1203 2518 1362 2575 uulgo.
1402 2517 1523 2563 Dein
1541 2518 1645 2562 add.
1665 2533 1751 2574 γω-

15 2615 21 2626 ,ι
55 2579 153 2623 νίαι
182 2578 375 2633 PBVb,
407 2577 718 2636 Philoponus;
752 2593 843 2624 om.
874 2578 1067 2622 Proclus
1098 2578 1169 2622 bie
1203 2579 1251 2623 et
1279 2577 1369 2635 Pp.
1476 2576 1530 2621 In
1561 2577 1632 2621 ed.
1665 2577 1753 2621 Ba—

15 2646 22 2693 }
55 2637 126 2682 nil.
170 2643 217 2683 et
260 2638 386 2695 apud
430 2637 705 2696 Gregorium
748 2639 838 2681 αἶ’τ.
871 2642 1003 2682 4—-5
1050 2637 1174 2681 inter
1226 2650 1494 2681 communes
1537 2636 1753 2682 notiones

11 2719 20 2751 1
54 2697 285 2754 (10-11)
317 2698 539 2755 leguntur
570 2698 737 2753 (πᾶσαι
777 2695 831 2741 αἴ
858 2693 1008 2751 ὀρθαὶ
1038 2698 1208 2753 γωνίαι
1245 2697 1344 2740 ἴσαι
1366 2733 1375 2741 .
1397 2732 1405 2741 .
1429 2694 1541 2750 εἰσίς
1593 2691 1754 2750 ἐκβαλ-

53 2752 249 2814 λόμεναι
281 2754 359 2802 αἱ.
380 2793 390 2803 .
411 2752 630 2803 εὐθεῖαι.
651 2793 659 2802 .
680 2757 1064 2814 συμπεσοῦνται).
1186 2756 1301 2800 Post
1331 2757 1421 2799 αἴτ.
1455 2759 1481 2799 5
1512 2754 1564 2798 in
1593 2754 1673 2799 PF
1707 2755 1754 2799 et

54 2813 110 2887 Ὺ·
126 2831 186 2861 m.
213 2821 239 2861 2
271 2818 321 2861 et
349 2815 476 2873 apud
507 2815 795 2873 Campanum
836 2815 1065 2873 sequitur:
1114 2814 1196 2859 καὶ
1228 2812 1317 2859 δύο
1351 2809 1551 2866 εὐθείας
1581 2815 1752 2872 χωρίον

53 2890 117 2933 m]
148 2877 398 2933 περιέχειν.
