1956 3074
159 129 269 182 104
792 127 1128 171 ΣΤοΙΧΕΙΩΝ
1160 125 1224 174 α’.

158 248 221 301 αἱ
248 251 372 315 ΘΒ,
413 252 522 302 ΖΕ
541 245 651 320 ἄρα
684 245 1084 318 ἐκβαλλόμεναι
1117 251 1545 319 συμπεσοῦνται.
1597 249 1850 320 ἐκβεβλή-

159 343 395 391 σθωσαν
440 335 532 391 καὶ
580 337 1041 409 συμπιπτέτωσαν
1078 335 1215 391 κατὰ
1255 336 1317 392 τὸ
1358 342 1439 408 Κ,
1486 338 1578 392 καὶ
1619 336 1710 393 διὰ
1749 340 1852 393 τοῦ

158 430 217 494 K
261 428 494 497 σημείου
545 422 786 499 ὁποτέρᾳ
830 426 943 480 τῶν
981 431 1110 495 ΕΑ,
1159 431 1265 480 ΖΘ
1310 425 1660 498 παράλληλος
1690 426 1852 499 ἤχθω

161 511 195 585 ἡ
229 519 365 585 ΚΛ,
402 514 497 571 καὶ
538 512 1007 584 ἐκβεβλήσθωσαν
1047 515 1109 567 αἰ
1137 519 1264 584 ΘΑ,
1307 519 1421 570 ΗΒ
1454 515 1541 575 ἐπὶ
1579 514 1644 573 τὰ
1679 522 1750 585 Α,
1791 522 1864 571 Μ

103 614 129 654 5
163 612 378 674 σημεῖα.
418 602 1002 675 παραλληλόγραμμον
1041 601 1151 674 ἄρα
1191 603 1305 659 ἐστὶ
1344 603 1407 659 τὸ
1448 609 1694 674 ΘΛΚΖ,
1736 602 1853 659 διά-

161 713 361 765 μετρος
409 691 470 746 δὲ
519 688 696 746 αὐτοῦ
742 687 776 761 ἡ
829 696 964 762 ΘΚ,
1021 690 1147 764 περὶ
1187 691 1249 746 δὲ
1287 690 1390 763 τὴν
1430 698 1546 747 ΘΚ
1580 698 1858 764 παραλλη-

161 777 455 851 λόγραμμα
500 779 603 850 μὲν
649 778 716 833 τὰ
765 786 909 850 ΑΗ,
962 785 1108 850 ΜΕ,
1156 777 1222 834 τὰ
1271 780 1333 836 δὲ
1372 781 1643 853 λεγόμενα
1682 801 1856 853 παρα-

162 866 502 939 πληρώματα
548 867 615 922 τὰ
658 874 792 939 ΛΒ,
841 874 974 924 ΒΖ·
1039 875 1165 924 ἴσον
1212 867 1322 941 ἄρα
1370 869 1483 925 ἐστὶ
1530 868 1590 925 τὸ
1633 875 1740 925 ΛΒ
1779 873 1856 945 τῷ

162 962 284 1011 ΒΖ.
362 955 503 1011 ἀλλὰ
544 954 606 1011 τὸ
647 962 750 1012 ΒΖ
788 961 864 1033 τῷ
903 962 958 1013 Γ
988 957 1242 1033 τριγώνῳ
1284 957 1434 1014 ἐστὶν
1474 965 1625 1014 ἴσον·
1669 958 1761 1014 καὶ
1792 957 1856 1014 τὸ

78 1058 134 1099 10
167 1050 274 1101 ΛΒ
313 1043 424 1118 ἄρα
461 1049 538 1122 τῷ
578 1050 632 1101 Γ
665 1046 815 1101 ἐστιν
855 1052 998 1103 ἴσον.
1058 1046 1151 1109 καὶ
1192 1047 1307 1103 ἐπεὶ
1348 1053 1440 1119 ἴση
1483 1047 1633 1103 ἐστὶν
1673 1045 1707 1119 ἡ
1745 1045 1857 1104 ὑπὸ

164 1139 341 1206 ΗΒΕ
376 1138 555 1204 γωνία
593 1138 659 1207 τῇ
699 1132 809 1190 ὑπὸ
837 1140 1039 1206 ABM,
1079 1133 1222 1191 ἀλλὰ
1261 1133 1295 1207 ἡ
1335 1133 1445 1191 ὑπὸ
1487 1141 1669 1191 ΗΒΕ
1710 1139 1776 1211 τῇ
1806 1143 1861 1191 Δ

165 1225 318 1280 ἐστιν
352 1230 463 1295 ἴση,
502 1222 595 1278 καὶ
627 1221 662 1295 ἡ
696 1220 806 1280 ὑπὸ
834 1230 1027 1280 ΑΒΜ
1054 1223 1164 1297 ἄρα
1194 1228 1260 1296 τῇ
1290 1231 1344 1279 Δ
1373 1228 1552 1299 γωνίᾳ
1577 1224 1728 1280 ἐστὶν
1754 1231 1863 1296 ἴση.

277 1310 445 1383 Παρὰ
485 1310 589 1384 τὴν
629 1316 902 1368 δοθεῖσαν
942 1311 1053 1386 ἄρα
1092 1310 1324 1369 εὐθεῖαν
1362 1312 1465 1385 τὴν
1506 1319 1613 1379 ΑΒ
1653 1317 1728 1390 τῷ
1770 1305 1861 1369 δο-

166 1401 327 1457 θέντι
365 1400 618 1476 τριγώνῳ
658 1405 735 1478 τῷ
775 1406 829 1457 Γ
854 1407 981 1458 ἴσον
1012 1400 1595 1474 παραλληλόγραμμον
1625 1401 1860 1474 παραβέ-

83 1506 135 1546 15
169 1494 367 1561 βληται
413 1488 476 1545 τὸ
519 1495 626 1545 ΛΒ
668 1492 729 1546 ἐν
768 1495 947 1565 γωνίᾳ
985 1494 1050 1564 τῇ
1091 1487 1200 1547 ὑπὸ
1242 1496 1452 1560 ΑΒΜ,
1503 1488 1538 1562 ἥ
1579 1491 1729 1546 ἐστιν
1770 1497 1862 1561 ἴση

169 1582 235 1651 τῇ
278 1585 360 1634 Δ·
404 1577 538 1652 ὅπερ
580 1582 692 1635 ἔδει
731 1583 975 1650 ποιῆσαι.

964 1691 1035 1741 με
1064 1713 1075 1724 .

290 1762 387 1835 Τῷ
438 1761 714 1814 δοθέντι
762 1755 1211 1833 εὐθυγράμμῳ
1249 1758 1415 1830 ζῖσον
1454 1755 1867 1829 παραλληλό-

172 1869 480 1921 γραμμον
514 1846 978 1918 συστήσασθαι
1012 1848 1081 1902 ἐν
1112 1849 1186 1920 τῇ
1221 1848 1498 1919 δοθείσῃ
1532 1848 1739 1918 γωνίᾳ
1763 1841 1867 1900 εὐ-

82 1950 139 1991 20
171 1935 556 2010 θυγράμμῳ.

270 2023 453 2080 ’Ἑστώ
485 2024 548 2080 τὸ
583 2023 686 2096 μὲν
719 2022 896 2080 δοθὲν
928 2021 1334 2096 εὐθύγραμμον
1367 2021 1430 2079 τὸ
1464 2027 1703 2093 ΑΒΓΔ,
1736 2020 1770 2093 ἡ
1804 2021 1868 2077 δὲ

173 2118 411 2171 δοθεῖσα
451 2116 629 2185 γωνία
668 2110 1067 2186 εὐθύγραμμος
1106 2110 1140 2184 ἡ
1183 2118 1258 2167 Ε·
1300 2115 1389 2167 δεῖ
1426 2109 1494 2183 δὴ
1533 2115 1610 2188 τῷ
1645 2115 1869 2166 ΑΒΓΔ

174 2201 555 2277 εὐθυγράμμῳ
596 2208 722 2261 ἴσον
761 2199 1343 2281 παραλληλόγραμμον
1383 2199 1769 2272 συστήσασθαι
1805 2201 1867 2255 ἐν

174 2294 240 2365 τῇ
282 2294 518 2363 δοθείσῃ
558 2295 738 2365 γωνίᾳ
777 2293 842 2364 τῇ
882 2295 946 2344 Ε.
1545 2280 1547 2282 ’

86 2394 142 2434 25
283 2379 625 2452 Ἐπεζεύχθω
673 2376 707 2451 ἡ
748 2384 886 2449 ΔΒ,
933 2378 1026 2433 καὶ
1073 2377 1390 2434 συνεστάτω
1429 2381 1504 2455 τῷ
1545 2383 1720 2433 ΑΒΔ
1756 2399 1870 2449 τρι-

176 2469 341 2546 γώνῳ
384 2476 510 2525 ἴσον
549 2467 1131 2541 παραλληλόγραμμον
1163 2464 1226 2523 τὸ
1253 2473 1356 2522 ΖΘ
1379 2467 1440 2522 ἐν
1471 2468 1538 2539 τῇ
1569 2463 1679 2525 ὑπὸ
1703 2471 1871 2522 ΘΚΖ

296 2588 433 2652 XLV.
466 2587 658 2633 Boetius
688 2602 733 2644 p.
752 2590 854 2643 384,
878 2591 946 2631 17.

298 2699 340 2740 1.
376 2692 484 2751 ΘΒ]
517 2695 599 2738 AB
630 2707 677 2735 π.
831 2694 872 2734 4.
907 2685 1209 2749 ἐκβεβλήσθω
1243 2705 1293 2743 φ.
1416 2687 1530 2746 ΗΒ]
1572 2689 1668 2732 ΗΘ
1700 2704 1751 2742 φ.

178 2753 260 2813 Μ]
294 2766 390 2809 seq.
422 2752 593 2797 lacuna
623 2755 650 2795 3
682 2749 775 2795 litt.
809 2766 859 2805 φ.
983 2753 1023 2793 5.
1059 2744 1184 2792 ἐστίν
1216 2747 1312 2792 PF.
1459 2746 1665 2805 ΘΛΚΖ]
1699 2760 1724 2791 e
1756 2759 1870 2791 corr.

178 2813 229 2858 F.
383 2816 423 2856 6.
460 2810 578 2869 ΘΚ]
613 2809 776 2867 (prius)
813 2809 911 2853 ΘΗ
941 2824 991 2864 φ.
1144 2805 1220 2864 δέ]
1254 2819 1395 2863 supra
1424 2809 1530 2850 m.2
1562 2805 1610 2848 F.
1742 2810 1782 2850 ’7.
1815 2802 1872 2849 δὲ

178 2868 435 2930 λεγόμενα]
480 2886 542 2926 αη
575 2886 631 2927 με
665 2885 717 2926 φ,
749 2882 842 2924 seq.
877 2883 995 2924 μενα
1028 2880 1161 2911 enan.
1177 2881 1237 2909 m.
1259 2870 1297 2908 1.
1451 2869 1492 2909 8.
1525 2862 1604 2923 τά]
1637 2878 1726 2910 om.
1759 2864 1811 2908 B.

181 2925 307 2975 ἐστίν
339 2930 388 2974 Ρ.
510 2934 551 2973 9.
584 2924 701 2973 ἀλλὰ
733 2927 815 2972 καὶ
845 2923 898 2971 τό
924 2926 977 2971 V.
1090 2929 1159 2969 10.
1193 2925 1299 2983 AB]
1333 2939 1446 2969 corr.
1482 2938 1538 2969 ex
1567 2928 1649 2968 AB
1682 2928 1787 2969 m.2
1820 2922 1873 2967 F.
