1956 3074
153 1003 208 1042 10

154 1445 208 1484 15

154 1887 212 1928 20

236 77 347 129 274
870 78 1204 122 ΣΤΟΙΧΕΙΩΝ
1234 74 1300 123 δ’.

334 193 518 253 ’Ἑστω
559 192 589 251 ὁ
630 194 822 261 δοθεὶς
860 195 1063 262 κύκλος
1103 193 1133 252 ὁ
1175 199 1357 266 ΑΒΓ,
1395 194 1459 252 τὸ
1501 195 1564 251 δὲ
1603 196 1778 252 δοθὲν
1816 217 1931 267 τρι-

240 306 428 355 γωνον
481 283 544 339 τὸ
596 289 791 339 ΔΕΖ·
856 287 945 339 δεῖ
995 283 1064 355 δὴ
1121 288 1199 350 εἰς
1250 283 1351 340 τὸν
1398 290 1571 340 ΑΒΓ
1606 284 1816 341 κύκλον
1853 287 1930 360 τῷ

239 378 294 426 Δ
306 377 411 427 ΕΖ
449 370 701 446 τριγώνῳ
743 371 1046 441 ἰσογώνιον
1084 377 1361 446 τρίγωνον
1401 373 1688 447 ἐγγράψαι.
1768 435 1778 447 ,

335 457 533 530 ’Ήχθω
586 461 688 512 τοῦ
725 462 897 513 ΑΒΓ
926 458 1136 514 κύκλου
1177 461 1528 532 ἐφαπτομένη
1567 460 1602 532 ἡ
1642 467 1757 517 ΗΘ
1794 454 1934 516 κατὰ

237 546 301 603 τὸ
326 553 396 618 Α,
436 545 529 602 καὶ
569 544 1064 619 συνεστάτωξπρὸς
1101 550 1167 620 τῇ
1192 553 1302 603 ΑΘ
1333 546 1532 622 εὐθείᾳ
1569 549 1760 624 καὶτῷ
1794 546 1934 620 πρὸς

238 632 378 707 αὐτῇ
425 636 632 707 σημείῳ
679 636 755 708 τῷ
804 641 857 688 Α
901 637 967 706 τῇ
1014 631 1125 690 ὑπὸ
1174 641 1341 690 ΔΕΖ
1388 641 1568 711 γωνίᾳ
1614 645 1705 707 ἴση
1746 634 1781 708 ἡ
1821 634 1932 692 ὑπὸ

238 728 423 793 ΘΑΓ,
478 719 618 791 πρὸς
672 720 734 776 δὲ
787 725 853 794 τῇ
904 728 1030 777 AH
1069 720 1266 797 εὐθείᾳ
1330 725 1422 779 καὶ
1475 728 1552 802 τῷ
1606 723 1746 798 πρὸς
1793 723 1932 797 αὐτῇ

240 815 446 886 σημείῳ
486 812 563 886 τῷ
604 816 656 865 Α
693 813 758 882 τῇ
797 807 908 866 ὑπὸ
945 817 1118 866 ΔΖΕ
1139 815 1360 886 [γωνίᾳ]
1403 819 1494 884 ἴση
1535 811 1568 885 ἡ
1601 811 1713 869 ὑπὸ
1739 818 1934 883 ΗΑΒ,

238 899 331 955 καὶ
372 897 681 970 ἐπεζεύχθω
722 895 756 969 ἡ
798 904 914 955 ΒΓ.

346 984 494 1043 Ἐπεὶ
543 981 649 1043 οὖν
687 985 899 1042 κύκλου
937 990 1039 1042 τοῦ
1077 993 1250 1043 ΑΒΓ
1281 989 1584 1060 ἐφάπτεταί
1618 1011 1701 1056 τις
1739 989 1936 1046 εὐθεῖα

238 1074 273 1147 ἡ
324 1082 452 1146 ΑΘ,
507 1076 600 1131 καὶ
647 1073 756 1131 ἀπὸ
805 1077 902 1146 τῆς
947 1077 1085 1130 κατὰ
1131 1075 1194 1132 τὸ
1242 1085 1296 1132 Α
1333 1080 1550 1150 ἐπαφῆς
1589 1082 1667 1144 εἰς
1704 1080 1804 1135 τὸν
1842 1079 1937 1135 κύ-

238 1171 375 1220 κλον
430 1168 648 1235 διῆκται
702 1160 900 1219 εὐθεῖα
953 1161 988 1235 ἡ
1035 1169 1168 1235 ΑΓ,
1222 1163 1258 1236 ἡ
1314 1163 1423 1237 ἄρα
1474 1163 1584 1221 ὑπὸ
1630 1171 1804 1221 ΘΑΓ
1843 1173 1938 1238 ἴση

240 1253 354 1310 ἐστὶ
393 1256 459 1326 τῇ
501 1254 562 1308 ἐν
600 1255 677 1326 τῷ
711 1249 946 1318 ἐναλλὰξ
983 1255 1084 1307 τοῦ
1122 1252 1332 1309 κύκλου
1370 1253 1609 1325 τμήματι
1646 1259 1825 1329 γωνίᾳ
1868 1258 1935 1327 τῇ

238 1339 349 1397 ὑπὸ
384 1345 562 1396 ΑΒΓ.
603 1338 724 1395 ἀλλ’
768 1337 804 1412 ἡ
843 1337 953 1395 ὑπὸ
994 1345 1168 1395 ΘΑΓ
1190 1344 1255 1413 τῇ
1295 1339 1404 1397 ὑπὸ
1439 1347 1606 1397 ΔΕΖ
1639 1343 1789 1398 ἐστιν
1821 1348 1939 1413 ἴση·

240 1430 333 1485 καὶ
371 1427 406 1501 ἡ
446 1427 554 1484 ὑπὸ
595 1433 765 1484 ΑΒΓ
805 1427 915 1501 ἄρα
953 1432 1131 1499 γωνία
1169 1432 1235 1502 τῇ
1275 1427 1385 1486 ὑπὸ
1426 1436 1598 1485 ΔΕΖ
1639 1431 1789 1486 ἐστιν
1830 1436 1939 1501 ἴση.

243 1516 335 1575 διὰ
375 1515 441 1573 τὰ
482 1514 624 1572 αὐτὰ
666 1515 736 1588 δὴ
775 1517 866 1572 καὶ
906 1515 941 1588 ἡ
981 1515 1092 1573 ὑπὸ
1133 1522 1296 1573 ΑΓΒ
1334 1520 1402 1591 τῇ
1440 1516 1551 1575 ὑπὸ
1587 1524 1758 1574 ΔΖΕ
1787 1506 1950 1575 ἐστιν’

244 1615 366 1678 ἴση·
406 1605 499 1661 καὶ
538 1604 703 1677 λοιπὴ
744 1603 855 1676 ἄρα
894 1603 929 1676 ἡ
969 1603 1078 1661 ὑπὸ
1119 1611 1291 1661 ΒΑΓ
1314 1609 1480 1679 λοιπῇ
1520 1609 1585 1678 τῇ
1626 1603 1734 1662 ὑπὸ
1770 1612 1938 1661 ΕΔΖ

243 1697 394 1751 ἐστιν
434 1702 524 1765 ἴση
574 1693 902 1765 [ἰσογώνιον
941 1692 1050 1767 ἄρα
1090 1694 1204 1761 ἐστὶ
1243 1693 1305 1750 τὸ
1347 1700 1517 1751 ΑΒΓ
1547 1699 1824 1766 τρίγωνον
1862 1697 1938 1770 τῷ

246 1789 413 1839 ΔΕΖ
436 1781 711 1858 τριγώνῳ,
742 1781 835 1837 καὶ
869 1783 1231 1855 ἐγγέγραπται
1262 1786 1340 1849 εἰς
1369 1782 1470 1839 τὸν
1502 1781 1939 1851 ΛΒΓκύκλον].

356 1875 458 1938 Εἰς
495 1870 596 1927 τὸν
637 1871 880 1926 δοθέντα
919 1868 1029 1942 ἄρα
1067 1869 1276 1927 κύκλον
1317 1874 1392 1947 τῷ
1426 1871 1654 1926 δοθέντι
1685 1869 1938 1945 τριγώνῳ

247 1959 550 2032 ἰσογώνιον
597 1963 875 2033 τρίγωνον
923 1959 1305 2031 ἐγγέγραπται·
1370 1957 1505 2030 ὅπερ
1546 1962 1658 2014 ἔδει
1696 1961 1941 2029 ποιῆσαι.

1055 2114 1090 2162 γ
1115 2136 1127 2148 .

359 2194 524 2266 Περὶ
578 2193 711 2267 τὸνζ
750 2195 1038 2251 δοθέντα
1086 2193 1331 2249 κύκλον
1369 2197 1452 2268 τῷ
1496 2194 1768 2250 δοθέντι
1806 2213 1941 2265 τρι-

247 2283 434 2358 γοόνῳ
477 2282 844 2353 ἰσογώνιον
883 2286 1214 2353 τρίγωνον
1253 2281 1673 2354 περιγράψαι.

367 2432 446 2478 ΙΙΙ.
480 2431 673 2476 Boetius
704 2446 750 2488 p.
776 2434 876 2486 388,
895 2435 965 2475 28.

374 2571 411 2609 1.
446 2563 523 2623 δέ]
554 2579 613 2608 m.
647 2577 738 2608 rec.
771 2563 822 2607 F.
945 2567 986 2607 3.
1020 2561 1180 2620 ΔΕΖ]
1215 2565 1250 2605 Ζ
1279 2563 1447 2618 postea
1478 2561 1636 2605 insert.
1668 2575 1728 2604 m.
1758 2565 1780 2604 1
1812 2559 1864 2604 F.

251 2618 1716 2697 4HQJP(H1nras)FVm1HA0BVm.2.
1899 2623 1939 2662 ὅ.

249 2681 402 2754 πρός]
420 2699 510 2739 προ
517 2699 539 2733 ς
569 2681 657 2739 μέν
687 2682 777 2738 Bp.
900 2679 1007 2752 ΑΘ]
1044 2681 1142 2724 ΗΘ
1169 2655 1221 2724 F.
1345 2684 1384 2724 6.
1419 2635 1579 2736 A'EZ]
1614 2682 1656 2722 A
1686 2676 1736 2721 in
1766 2691 1856 2722 ras.
1888 2676 1939 2722 P.

307 2737 427 2800 ὑπό]
458 2756 519 2786 m.
547 2746 572 2784 2
605 2741 657 2784 F.
781 2745 820 2784 7.
853 2735 973 2810 πρὸς
1004 2738 1079 2797 δέ]
1113 2734 1256 2783 πάλιν
1287 2733 1405 2795 πρός
1435 2737 1486 2782 Ρ.
1608 2736 1730 2795 ΑΗ]
1764 2738 1856 2779 HA
1888 2735 1939 2779 P.

250 2806 291 2846 8.
324 2800 512 2866 γωνίᾳ]
527 2813 616 2844 om.
649 2799 699 2844 P.
825 2804 893 2843 10.
926 2793 1124 2843 ἅπτεται
1155 2797 1256 2842 BV.
1390 2801 1459 2841 11
1494 2797 1583 2840 ΑΘ
1635 2795 1691 2850 Ρ;
1729 2794 1873 2839 ΗΛΘ
1903 2793 1940 2864 F

250 2860 299 2904 et
328 2858 371 2902 V
404 2861 471 2915 (H
499 2857 548 2902 in
578 2858 708 2914 ras.);
742 2859 828 2903 ΘΑ
860 2858 949 2914 Bp.
1103 2855 1184 2901 καὶ
1215 2852 1333 2915 ἀπό]
1367 2851 1461 2900 ἀπὸ
1495 2853 1550 2899 δέ
1627 2869 1674 2912 p.
1818 2848 1939 2897 κατὰ
