1956 3074
114 1057 167 1096 10

114 1500 167 1540 15

108 1942 165 1983 20

106 2387 163 2428 25

106 2834 164 2875 30

210 125 314 178 158
837 128 1174 172 ΣΤοΙΧΕΙῼΝ
1207 125 1272 186 β’.

1027 245 1131 317 ιγ’.

310 330 411 389 Ἐν
465 344 603 400 τοῖς
659 332 1055 405 ὀξυγωνίοις
1108 335 1461 408 τριγώνοις
1507 333 1577 391 τὸ
1628 332 1752 392 ἀπὸ
1791 341 1904 407 τῆς

204 419 320 491 τὴν
370 418 590 489 ὀξεῖαν
638 427 890 493 γωνίαν
937 421 1426 494 ὑποτεινούσης
1475 428 1759 496 πλευρᾶς
1809 447 1904 480 τε-

203 509 547 581 τράγωνον
596 511 866 567 ἔλαττόν
918 513 1054 567 ἐστι
1101 515 1229 568 τῶν
1275 510 1401 567 ἀπὸ
1458 515 1586 567 τῶν
1640 511 1759 583 τὴν
1801 511 1905 579 ὀξ-

203 609 348 654 εῖαν
378 604 631 670 γωνίαν
662 603 1122 671 περιεχουσῶν
1146 603 1447 672 πλευρῶν
1470 600 1906 671 τετραγώνων

201 691 284 763 τῷ
332 690 778 764 περιεχομένῳ
830 689 933 754 δὶς
970 686 1098 745 ’ὑπό
1139 711 1204 744 τε
1244 693 1394 760 μιᾶς
1432 693 1559 745 τῶν
1598 691 1744 764 περὶ
1783 688 1902 762 τὴν

203 774 425 842 ὀξεῖαν
474 781 750 848 γωνίαν,
792 775 892 848 ἐφ’
952 774 1106 849 ἣνὴ
1158 777 1441 844 κάθετος
1487 783 1731 849 πίπτει,
1795 778 1903 834 καὶ

201 866 312 936 τῆς
357 863 1001 938 ἀπολαμβανομένης
1050 865 1238 932 ε’ντός
1290 865 1410 923 ὑπὸ
1462 871 1574 939 τῆς
1611 870 1903 924 καθέτου

201 951 361 1026 πρὸς
398 957 472 1027 τῇ
515 952 700 1030 ὀξείᾳ
738 960 963 1029 γωνίᾳ.

296 1041 478 1099 ’Έστω
535 1041 848 1115 ὀξυγώνιον
901 1048 1180 1117 τρίγωνον
1232 1043 1294 1101 τὸ
1337 1049 1509 1100 ΑΒΓ
1541 1042 1728 1111 ὀξεῖαν
1770 1049 1899 1118 ἔχον

199 1131 303 1204 τὴν
342 1131 484 1206 πρὸς
520 1135 596 1208 τῷ
628 1138 676 1188 Β
708 1137 941 1203 γωνίαν,
980 1133 1073 1188 καὶ
1112 1131 1272 1205 ’ἤχθω
1315 1131 1424 1189 ἀπὸ
1457 1137 1561 1189 τοῦ
1589 1142 1642 1189 A
1666 1139 1900 1206 σημείου

201 1222 289 1277 ἐπὶ
334 1221 438 1294 τὴν
484 1227 595 1278 ΒΓ
633 1221 873 1288 κάθετος
921 1220 955 1294 ἡ
999 1229 1145 1278 AA·
1193 1224 1359 1295 λέγω,
1402 1221 1488 1279 ὅτι
1535 1221 1597 1279 τὸ
1647 1221 1754 1279 ἀπὸ
1803 1226 1902 1295 τῆς

200 1315 315 1365 ΛΓ
344 1309 697 1382 τετράγωνον
738 1309 968 1366 ἔλαττόν
1010 1312 1122 1367 ἐστι
1168 1315 1281 1367 τῶν
1322 1309 1432 1368 ἀπὸ
1472 1315 1586 1367 τῶν
1626 1317 1747 1382 ΓΒ,
1788 1318 1900 1367 BA

199 1397 562 1471 τετραγώνων
609 1401 683 1472 τῷ
738 1399 824 1463 δὶς
869 1396 980 1454 ὑπὸ
1020 1402 1133 1454 τῶν
1181 1404 1309 1471 ΓΒ,
1366 1406 1479 1455 BA
1524 1402 1897 1476 περιεχομένῳ

202 1484 553 1561 ὀρθογωνίῳ.

306 1573 452 1631 Ἐπεὶ
492 1574 600 1648 γὰρ
641 1573 837 1632 εὐθεῖα
876 1574 910 1648 ἡ
944 1582 1046 1632 ΓΒ
1078 1579 1351 1648 τέτμηται,
1397 1575 1471 1642 ὥς
1509 1581 1718 1649 ἔτυχεν,
1758 1576 1896 1633 κατὰ

197 1662 259 1719 τὸ
295 1671 383 1733 Δ,
423 1662 490 1719 τὰ
530 1663 641 1738 ἄρα
680 1662 791 1721 ἀπὸ
831 1668 946 1721 τῶν
976 1670 1097 1735 ΓΒ,
1141 1671 1259 1721 BA
1289 1665 1609 1738 τετράγωνα
1650 1673 1741 1721 ἴσα
1782 1666 1895 1722 ἐστὶ

197 1755 272 1828 τῷ
312 1774 370 1808 τε
411 1754 497 1819 δὶς
535 1751 645 1810 ὑπὸ
685 1757 800 1810 τῶν
840 1758 960 1824 ΓΒ,
1001 1760 1114 1810 BA
1145 1756 1515 1830 περιεχομένῳ
1558 1753 1894 1831 ὀρθογωνίῳ

197 1840 290 1896 καὶ
336 1844 411 1917 τῷ
461 1839 570 1898 ἀπὸ
618 1845 714 1913 τῆς
756 1847 873 1897 ΔΓ
903 1842 1248 1918 τετραγώνῳ.
1304 1842 1500 1899 κοινὸν
1539 1848 1896 1915 προσκείσθω

197 1927 260 1985 τὸ
310 1928 418 1986 ἀπὸ
465 1934 562 2002 τῆς
603 1938 718 1986 AA
765 1930 1145 2004 τετράγωνον·
1208 1931 1274 1987 τὰ
1323 1931 1435 2005 ἄρα
1474 1930 1582 1988 ἀπὸ
1622 1935 1735 1988 τῶν
1774 1938 1895 2003 ΓΒ,

196 2025 329 2090 ΒΔ,
356 2027 472 2075 ΛΑ
503 2020 823 2092 τετράγωνα
863 2027 956 2075 ἴσα
997 2021 1111 2077 ἐστὶ
1149 2024 1223 2097 τῷ
1264 2043 1320 2077 τε
1361 2022 1448 2087 δὶς
1485 2019 1594 2077 ὑπὸ
1626 2025 1739 2077 τῶν
1779 2027 1896 2092 ΓΒ,

197 2114 311 2164 ΒΔ
357 2110 728 2184 περιεχομένῳ
778 2107 1112 2185 ὀρθογωνίῳ
1160 2110 1252 2164 καὶ
1296 2122 1414 2176 τοῖς
1452 2108 1562 2166 ἀπὸ
1603 2113 1715 2166 τῶν
1756 2117 1892 2181 ΑΔ,

197 2202 316 2252 ΔΓ
351 2197 732 2271 τετραγώνοις.
809 2196 952 2254 ἀλλὰ
1005 2210 1121 2265 τοῖς
1159 2198 1260 2270 μὲν
1301 2195 1410 2255 ἀπὸ
1450 2202 1564 2255 τῶν
1604 2204 1736 2269 ΒΔ,
1777 2207 1893 2254 ΔΑ

197 2291 324 2342 ἴσον
371 2285 433 2342 τὸ
483 2284 592 2342 ἀπὸ
639 2290 738 2358 τῆς
777 2294 916 2343 ΑΒ·
981 2285 1128 2361 ὀρθὴ
1176 2286 1283 2361 γὰρ
1324 2286 1357 2360 ἡ
1399 2286 1538 2361 πρὸς
1575 2291 1651 2363 τῷ
1695 2295 1749 2343 A
1788 2311 1889 2360 γω-

195 2379 319 2450 νίᾳ·
360 2386 476 2441 τοῖς
517 2374 578 2431 δὲ
619 2373 727 2431 ἀπὸ
766 2379 878 2433 τών
911 2384 1046 2447 ΛΔ,
1087 2382 1202 2432 ΔΓ
1237 2384 1363 2432 ἴσον
1393 2375 1455 2433 τὸ
1489 2375 1598 2433 ἀπὸ
1632 2381 1730 2448 τῆς
1756 2383 1890 2433 ΑΓ·

194 2462 260 2519 τὰ
310 2462 421 2537 ἄρα
467 2461 576 2520 ἀπὸ
625 2467 738 2521 τῶν
778 2469 906 2535 ΓΒ,
961 2471 1072 2521 ΒΑ
1119 2473 1211 2521 ἴσα
1261 2466 1374 2521 ἐστὶ
1421 2469 1495 2542 τῷ
1547 2487 1603 2521 τε
1645 2463 1752 2521 ἀπὸ
1793 2469 1890 2538 τῆς

196 2548 311 2607 ΛΑΓ
347 2552 440 2607 καὶ
486 2555 562 2628 τῷ
610 2553 697 2618 δὶς
743 2550 852 2608 ὑπὸ
900 2556 1014 2609 τῶν
1054 2558 1179 2625 ΓΒ,
1226 2559 1363 2608 BA·
1428 2552 1568 2610 ὥστε
1607 2554 1786 2626 μόνον
1825 2553 1888 2611 τὸ

195 2640 306 2697 ἀπὸ
346 2645 443 2713 τῆς
482 2646 595 2696 ΑΓ
628 2641 856 2698 ἔλαττόν
897 2644 1011 2698 ἐστι
1048 2645 1162 2697 τῶν
1202 2640 1312 2697 ἀπὸ
1354 2646 1466 2699 τών
1508 2648 1626 2713 ΓΒ,
1669 2649 1777 2698 BA
1806 2665 1888 2699 τε-

195 2730 502 2803 τραγώνων
539 2734 615 2804 τῷ
658 2730 744 2796 δὶς
782 2727 891 2786 ὑπὸ
930 2733 1044 2786 τών
1078 2735 1196 2801 ΓΒ,
1237 2736 1351 2786 BA
1382 2732 1753 2807 περιεχομένῳ
1794 2729 1887 2805 ὀρ-

195 2824 479 2894 θογωνίῳ.

314 2928 356 2966 4.
389 2920 584 2966 ἔλασσον
615 2922 665 2968 F.
791 2919 915 2967 ἐστιν
948 2921 1002 2967 V.
1129 2927 1196 2967 12.
1231 2923 1345 2981 ΒΓ]
1380 2927 1415 2966 Β
1449 2937 1474 2968 e
1505 2938 1619 2968 corr.
1654 2938 1713 2968 m.
1740 2928 1765 2967 2
1798 2939 1843 2981 p.
