1956 3074
179 104 252 157 22
814 106 1150 149 mommsen
1180 79 1249 150 ἀἲ

182 231 299 278 ἴσαι
355 224 502 279 εἰσὶν
566 223 795 295 ἑκατέρα
842 224 1091 298 ἑκατέρᾳ·
1146 223 1238 278 καὶ
1276 227 1454 294 γωνία
1493 221 1546 303 ἡ,
1567 220 1674 279 ὑπὸ
1716 227 1883 278 ΒΖΓ

183 315 365 385 γωνίᾳ
416 315 483 385 τῇ
533 309 640 367 ὑπὸ
682 317 849 368 ΓΗΒ
899 320 1014 383 ἴση,
1068 312 1160 367 καὶ
1207 311 1368 382 βάσις
1416 310 1602 367 αὐτῶν
1639 312 1799 382 κοινὴ
1841 333 1873 381 η

180 405 312 455 ΒΓ”
375 401 469 455 καὶ
516 399 578 456 τὸ
629 406 795 456 ΒΖΓ
835 399 944 473 ἄρα
981 405 1259 472 τρίγωνον
1298 404 1372 476 τῷ
1413 406 1580 456 ΓΗΒ
1619 399 1873 474 τριγώνῳ

181 496 307 544 ἴσον
349 493 520 559 ἔσται,
554 490 651 544 καὶ
693 492 754 544 αἱ
789 490 978 544 λοιπαὶ
1017 494 1215 560 γωνίαι
1247 500 1366 555 ταῖς
1398 496 1616 553 λοιπαῖς
1646 492 1877 558 γωνίαις

124 589 150 629 5
186 584 302 632 ἴσαι
351 582 580 634 ἔσονται
621 579 849 650 ἑκατέρα
889 578 1142 652 ἑκατέρᾳ,
1181 575 1281 648 ὑφ’
1304 575 1370 643 ἃς
1409 580 1469 631 αἱ
1499 585 1614 632 ἴσαι
1646 576 1874 647 πλευραὶ

178 664 608 723 ὑποτείνουσιν·
650 674 740 737 ἴση
783 665 892 738 ἄρα
932 666 1081 722 ἐστὶν
1120 664 1154 738 ἡ
1196 666 1297 738 μὲν
1337 663 1445 722 ὑπὸ
1482 670 1646 720 ΖΒΓ
1670 668 1734 736 τῇ
1767 663 1876 720 ὑπὸ

178 759 351 811 ΗΓΒ
396 753 429 826 ἡ
474 755 535 811 δὲ
573 753 684 811 ὑπὸ
725 760 882 810 ΒΓΖ
921 758 986 828 τῇ
1026 752 1136 811 ὑπὸ
1179 760 1359 810 ΓΒΗ.
1423 754 1536 809 ἐπεὶ
1571 746 1676 809 οὖν
1710 751 1811 825 ὅλη
1844 751 1878 824 ἡ

179 840 297 898 ὑπὸ
351 849 539 898 ΑΒΗ
576 847 754 914 γωνία
802 842 901 916 ὅλη
949 847 1014 916 τῇ
1061 841 1171 899 ὑπὸ
1221 848 1380 899 ΑΓΖ
1428 846 1605 915 γωνίᾳ
1654 843 1879 913 ἐδείχθη

181 939 291 1003 ἴση,
335 924 418 988 ῶν
458 929 491 1002 ἡ
533 930 646 988 ὑπὸ
689 937 865 987 ΓΒΗ
897 936 961 1005 τῇ
1002 930 1110 988 ὑπὸ
1151 937 1307 987 ΒΓΖ
1350 939 1458 1002 ἴση,
1499 928 1662 1001 λοιπὴ
1703 927 1878 1001 ἄραὴ

94 1032 148 1072 10
180 1018 291 1077 ὑπὸ
346 1026 522 1077 ΑΒΓ
570 1023 734 1094 λοιπῇ
788 1024 853 1093 τῇ
908 1018 1018 1076 ὑπὸ
1066 1025 1227 1076 ΑΓΒ
1278 1022 1426 1075 ε’στιν
1469 1028 1584 1090 ἴση·
1640 1023 1738 1073 καί
1772 1022 1877 1073 εἰσι

177 1108 316 1183 πρὸς
361 1113 427 1182 τῇ
478 1107 638 1180 βάσει
690 1112 793 1163 τοῦ
840 1112 1011 1164 ΑΒΓ
1049 1106 1343 1181 τριγώνου.
1407 1109 1631 1178 ἐδείχθη
1682 1107 1761 1162 δὲ·
1789 1107 1881 1161 καὶ

178 1197 212 1270 ἡ
260 1196 370 1254 ὑπὸ
421 1202 590 1252 ΖΒΓ
627 1201 692 1271 τῇ
741 1195 850 1252 ὑπὸ
900 1202 1069 1252 ΗΓΒ
1118 1184 1231 1267 ἴση·
1289 1199 1387 1250 καί
1430 1199 1572 1250 εἰσιν
1619 1193 1728 1251 ὑπὸ
1777 1192 1878 1266 τὴν

178 1286 362 1359 βάσιν.

297 1379 424 1433 Τῶν
474 1372 582 1447 ἄρα
631 1377 937 1431 ἰσοσκελῶν
988 1372 1279 1447 τριγώνων
1328 1375 1389 1427 αἱ
1432 1371 1569 1445 πρὸς
1618 1375 1681 1444 τῇ
1722 1371 1884 1443 βάσει

97 1481 150 1522 15
183 1469 383 1536 γωνίαι
425 1473 542 1520 ἴσαι
581 1462 846 1535 ἀλλήλαις
879 1466 1042 1534 εἰσίν,
1073 1464 1166 1518 καὶ
1204 1465 1732 1534 προσεκβληθεισῶν
1771 1464 1884 1517 τῶν

184 1562 323 1611 ἴσων
366 1552 612 1610 εὐθειῶν
653 1555 714 1607 αἱ
749 1550 859 1608 ὑπὸ
899 1550 1001 1623 τὴν
1033 1550 1201 1622 βάσιν
1233 1554 1433 1622 γωνίαι
1467 1557 1582 1605 ἴσαι
1617 1547 1887 1621 ἀλλήλαις

185 1648 433 1701 ἔσονται·
477 1641 612 1715 ὅπερ
654 1645 765 1698 ἔδει
806 1642 995 1708 δεῖξαι.

1001 1788 1072 1846 ς’.

293 1892 440 1949 Ἐὰν
480 1892 814 1964 τριγώνου
854 1893 924 1945 αἱ
962 1889 1082 1945 δύο
1123 1892 1357 1960 γωνίαι
1401 1895 1538 1943 ἴσαι
1572 1885 1887 1960 ἀλλήλαις

97 1999 154 2040 20
186 1977 375 2054 ῶσιν,
409 1982 518 2037 καὶ
552 1983 621 2036 αἱ
650 1978 775 2036 ὑπὸ
810 1978 924 2044 τὰς
963 1986 1106 2043 ἴσας
1136 1981 1381 2048 γωνίας
1411 1973 1888 2033 ὑποτείνουσαι

186 2072 463 2144 πλευραὶ
505 2078 647 2126 ἴσαι
687 2066 1008 2140 ἀλλήλαις
1048 2071 1330 2121 ἔσονται.

283 2160 466 2216 ’Ἑστω
507 2163 785 2233 τρίγωνον
824 2155 886 2212 τὸ
915 2160 1089 2211 ΑΒΓ
1122 2162 1251 2225 ἴσην
1290 2158 1420 2224 ἔχον
1456 2151 1558 2224 τὴν
1591 2150 1700 2209 ὑπὸ
1725 2159 1897 2210 ΑΒΓ

188 2253 404 2320 γωνίαν
445 2252 511 2323 τῇ
552 2245 660 2303 ὑπὸ
695 2251 856 2302 ΑΓΒ
896 2249 1104 2318 γωνίᾳ·
1145 2244 1304 2314 λέγω,
1348 2240 1432 2298 ὅτι
1472 2242 1563 2297 καὶ
1603 2241 1811 2315 πλευρὰ
1853 2241 1887 2314 ἡ

193 2345 302 2394 ΑΒ
342 2340 555 2411 πλευρᾷ
594 2339 658 2409 τῇ
700 2339 813 2391 ΑΓ
847 2337 997 2390 ἐστιν
1038 2340 1144 2403 ἴση.

101 2442 158 2484 25
305 2431 356 2482 εί
394 2425 499 2499 γὰρ
540 2423 738 2490 ἄνισός
778 2425 927 2478 ἐστιν
967 2419 1000 2492 ἡ
1037 2427 1144 2476 ΑΒ
1177 2424 1242 2494 τῇ
1277 2425 1400 2490 ΑΓ,
1441 2417 1475 2491 ἡ
1509 2420 1667 2490 ἑτέρα
1699 2419 1888 2476 αὐτῶν

192 2520 391 2588 μείζων
434 2517 600 2571 ἐστίν.
663 2517 801 2568 ἔστω
842 2515 1040 2582 μείζων
1073 2507 1106 2581 ἡ
1135 2515 1260 2579 ΑΒ,
1300 2507 1393 2563 καὶ
1426 2506 1745 2580 ἀφῃρήσθω
1778 2506 1886 2564 ἀπὸ

191 2609 287 2678 τῆς
327 2609 578 2677 μείζονος
615 2605 712 2673 τῆς
750 2607 857 2656 ΑΒ
908 2603 973 2674 τῇ
1015 2597 1266 2655 ἐλάττονι
1306 2600 1370 2670 τῇ
1412 2601 1527 2652 ΑΓ
1558 2604 1648 2668 ἴση
1689 2595 1723 2668 ἡ
1761 2602 1889 2666 ΔΒ,

194 2696 286 2751 καὶ
326 2692 638 2764 ἐπεζεύχθω
678 2688 712 2762 ἡ
755 2694 879 2746 ΔΓ.
1446 2724 1452 2726 >

316 2848 357 2887 6.
392 2839 518 2887 ἐστὶν
551 2836 644 2897 ἄρα
676 2838 730 2884 V.
855 2836 1012 2894 ΖΒΓ]
1049 2835 1098 2879 in
1130 2849 1217 2879 ras.
1236 2833 1289 2876 V.
1417 2837 1456 2877 7.
1492 2832 1654 2904 ΗΓΒ]
1688 2845 1802 2903 qorr.
1836 2846 1893 2877 ex

199 2905 339 2946 ΓΗΒ
372 2902 428 2946 V.
555 2905 595 2944 9.
631 2898 725 2956 ἴση]
762 2897 880 2954 (alt.)
908 2892 1033 2940 ἐστιν
1060 2896 1133 2950 ἴση
1164 2893 1208 2936 V
1233 2906 1257 2936 e
1284 2905 1397 2937 corr.
1523 2896 1591 2935 10.
1623 2890 1739 2949 υπο]
1774 2891 1892 2947 (alt.)
