1956 3074
167 612 194 652 5

228 67 342 121 250
865 71 1202 116 mommsen
1231 69 1297 129 γ’.

1018 237 1131 305 λγ’.

333 332 468 390 Ἐπὶ
524 339 634 407 τῆς
690 339 1008 409 δοθείσης
1061 335 1333 405 εὐθείας
1392 337 1640 412 γράψαι
1701 341 1922 410 τμῆμα

225 421 474 479 κύκλου
543 424 909 497 δεχόμενον
969 431 1226 497 γωνίαν
1289 434 1442 498 ἴσην
1502 431 1575 499 τῇ
1640 430 1919 500 δοθείσῃ

225 516 437 586 γωνία
476 510 941 588 εὐθυγράμμῳ.

324 598 505 656 ’Ἑστω
545 599 580 672 ἡ
621 605 859 658 δοθεῖσα
898 600 1095 659 εὐθεῖα
1133 601 1168 674 ἡ
1201 610 1329 675 ΑΒ,
1369 602 1403 676 ἡ
1445 603 1507 660 δὲ
1546 608 1783 661 δοθεῖσα
1822 604 1923 676 γω-

225 692 321 743 νία
367 687 769 763 εὐθύγραμμος
814 689 848 763 ἡ
897 691 1036 765 πρὸς
1081 695 1157 768 τῷ
1198 697 1272 747 Γ·
1332 694 1422 748 δεῖ
1458 691 1527 764 δὴ
1570 693 1656 748 ἐπὶ
1695 695 1793 764 τῆς
1834 695 1923 748 δο·

223 769 422 848 θείσης
468 775 694 845 εὐθείας
739 783 835 851 τῆς
874 787 983 836 ΑΒ
1030 780 1243 852 γράψαι
1289 784 1474 853 τμῆμα
1519 782 1727 837 κύκλου
1767 781 1922 854 δεχό-

223 886 398 936 μενον
437 872 652 937 γωνίαν
692 874 822 940 ἴσην
861 872 927 942 τῇ
967 867 1107 941 πρὸς
1144 873 1219 944 τῷ
1260 873 1320 925 Γ.

326 951 404 1009 ‘H
436 952 507 1025 δὴ
546 954 686 1027 πρὸς
723 959 799 1034 τῷ
823 962 878 1013 Γ
903 961 1126 1028 [γωνία]
1152 955 1277 1029 ἤτοι
1317 955 1467 1025 ὀξεῖά
1508 961 1658 1015 ἐστιν
1697 955 1731 1029 ἢ
1774 956 1922 1031 ὀρθὴ

138 1057 194 1096 10
225 1038 260 1113 ἢ
302 1039 558 1115 ἀμβλεῖα·
599 1047 737 1101 ἔστω
778 1044 1054 1119 πρῖἱτερον
1088 1044 1258 1117 ὀξεῖα,
1297 1046 1391 1103 καὶ
1424 1044 1498 1112 ὥς
1530 1047 1618 1103 ἐπὶ
1648 1050 1747 1118 τῆς
1778 1046 1923 1118 πρώ-

135 1500 188 1541 15

134 1943 192 1983 20

221 1152 320 1202 της
364 1136 726 1205 καταγραφῆς
773 1132 1091 1190 συνεστάτω
1138 1133 1279 1205 πρὸς
1323 1137 1389 1207 τῇ
1431 1139 1539 1189 AB
1586 1130 1783 1208 εὐθείᾳ
1830 1134 1922 1189 καὶ

221 1222 298 1294 τῷ
339 1227 392 1275 A
432 1225 639 1297 σημείῳ
679 1225 744 1295 τῇ
785 1220 925 1294 πρὸς
962 1230 1039 1297 τῷ
1080 1225 1134 1276 Γ
1164 1226 1344 1296 γωνίᾳ
1384 1229 1475 1292 ἴση
1516 1219 1550 1293 ἡ
1590 1220 1698 1279 ὑπὸ
1724 1229 1922 1278 ΒΑΔ·

223 1305 375 1375 ὀξεῖα
413 1306 523 1381 ἄρα
563 1310 678 1365 ἐστὶ
716 1310 809 1365 καὶ
849 1308 882 1382 ἡ
924 1308 1033 1367 ὑπὸ
1074 1317 1183 1366 BA
1197 1318 1265 1367 A.
1327 1308 1488 1382 ἤχθω
1528 1314 1594 1383 τῇ
1622 1317 1740 1366 ΔΑ
1779 1311 1918 1383 πρὸς

224 1393 405 1469 ὀρθὰς
443 1395 478 1468 ἡ
504 1404 632 1469 ΑΕ,
671 1398 764 1454 καὶ
796 1398 1089 1470 τετμήσθω
1122 1397 1156 1470 ἡ
1183 1406 1291 1455 ΑΒ
1331 1402 1459 1471 δίχα
1482 1397 1619 1454 κατὰ
1643 1397 1704 1455 τὸ
1735 1405 1798 1467 Ζ,
1829 1399 1923 1455 καὶ

221 1482 383 1557 ἤχθω
424 1482 532 1542 άπὸ
572 1490 675 1543 τοῦ
716 1493 760 1542 Ζ
801 1493 1035 1560 σημείου
1064 1491 1130 1561 τῇ
1164 1493 1272 1543 ΑΒ
1312 1485 1452 1561 πρὸς
1492 1484 1671 1559 ὀρθὰς
1708 1485 1743 1559 ἡ
1786 1494 1921 1559 ΖΗ,

220 1574 315 1629 καὶ
355 1574 666 1649 ἐπεζεύχθω
707 1574 741 1647 ἡ
781 1582 909 1634 ΗΒ.

334 1663 450 1718 Καὶ
491 1665 608 1720 ἐπεὶ
648 1672 739 1737 ἴση
782 1665 932 1722 ἐστὶν
972 1663 1140 1737 ἡΑΖ
1178 1669 1244 1739 τῇ
1272 1672 1391 1737 ΖΒ,
1430 1664 1592 1737 κοινὴ
1635 1665 1697 1721 δὲ
1728 1663 1762 1737 ἡ
1792 1671 1919 1736 ΖΗ,

222 1750 328 1807 δύο
384 1751 455 1824 δὴ
504 1756 566 1808 αἱ
602 1761 735 1825 ΑΖ,
778 1760 896 1809 ΖΗ
934 1753 1040 1810 δύο
1087 1765 1206 1820 ταῖς
1252 1761 1382 1829 ΒΖ,
1426 1760 1543 1810 ΖΗ
1590 1761 1705 1810 ἴσαι
1753 1758 1919 1810 εἰσίν·

221 1840 315 1896 καὶ
363 1846 541 1912 γωνία
587 1841 621 1914 ἡ
669 1841 781 1900 ὑπὸ
823 1849 1006 1899 ΑΖΗ
1045 1847 1267 1917 [γωνίᾳ]
1315 1846 1381 1917 τῇ
1429 1840 1540 1899 ὑπὸ
1580 1848 1758 1899 ΒΖΗ
1797 1849 1920 1915 ἴση·

223 1928 387 1999 βάσις
424 1929 536 2003 ἄρα
574 1929 764 2003 ἡΑΗ
793 1930 955 2002 βάσει
986 1934 1051 2004 τῇ
1077 1936 1196 1987 ΒΗ
1231 1938 1321 2002 ἴση
1364 1933 1528 1987 ἐστίν.
1581 1929 1610 1986 ὁ
1652 1929 1761 2003 ἄρα
1799 1933 1920 1988 κε’ν-

220 2039 333 2093 τρῳ
374 2018 476 2090 μὲν
515 2023 590 2096 τῷ
631 2026 698 2075 Η
729 2019 1059 2092 διαστήματι
1101 2019 1163 2076 δὲ
1201 2023 1276 2096 τῷ
1316 2026 1435 2075 ΗΑ
1472 2019 1675 2086 κύκλος
1712 2020 1920 2092 γραφό-

222 2128 391 2177 μενος
444 2105 561 2179 ἤξει
615 2107 708 2163 καὶ
764 2105 856 2163 διὰ
905 2111 1009 2164 τοῦ
1048 2114 1111 2165 Β.
1187 2107 1495 2181 γεγράφθω
1550 2108 1641 2164 καὶ
1697 2111 1835 2165 ἔστω
1888 2107 1918 2165 ὁ

221 2200 408 2266 ΑΒΕ,
448 2195 540 2251 καὶ
581 2195 892 2269 ἐπεζεύχθω
932 2193 967 2268 ἡ
1008 2202 1127 2253 ΕΒ.
1191 2196 1307 2252 ἐπεὶ
1348 2190 1452 2253 οὖν
1493 2193 1585 2252 ἀπ’
1614 2197 1786 2270 ἄκρας
1823 2201 1921 2269 τῆς

221 2289 336 2339 ΛΕ
381 2283 683 2356 διαμέτρου
729 2282 838 2340 ἀπὸ
887 2287 990 2340 τοῦ
1028 2291 1081 2339 A
1118 2287 1183 2357 τῇ
1225 2290 1340 2340 ΛΕ
1374 2285 1512 2357 πρὸς
1551 2282 1730 2357 ὀρθάς
1769 2288 1919 2342 ἐστιν

341 2431 551 2476 XXXIII.
587 2430 810 2489 [Euclid]
844 2434 940 2489 opt.
973 2436 1028 2476 47
1062 2431 1279 2488 (Studien
1309 2447 1353 2489 p.
1383 2437 1498 2489 122).
1564 2433 1831 2491 Simplicius
1869 2434 1921 2478 in

221 2492 354 2549 phys.
385 2490 467 2535 fol
497 2495 563 2534 14.
626 2490 816 2535 Boetius
847 2506 892 2548 p.
918 2494 1020 2546 388,
1038 2495 1154 2535 20—
1159 2496 1245 2536 21?

345 2630 384 2669 1.
415 2621 493 2669 λε’
528 2624 576 2669 F.
686 2628 726 2669 5.
759 2619 813 2681 ἡ]
847 2622 1085 2680 (primum)
1104 2637 1194 2670 om.
1212 2638 1258 2694 p.
1366 2629 1408 2669 8.
1440 2624 1525 2692 τῷ]
1559 2625 1614 2681 τῇ
1645 2623 1741 2670 PF.
1851 2625 1917 2684 Γ]

221 2683 279 2738 P;
315 2687 358 2727 Γ
385 2684 534 2753 γωνία
566 2683 727 2727 Theon
759 2682 983 2739 (BFVp).
1107 2689 1147 2728 9.
1181 2679 1263 2740 δή]
1297 2682 1484 2740 scripsi3
1517 2683 1570 2728 δέ
1586 2641 1660 2737 ῃςΡ
1694 2679 1754 2741 ἄρ
1758 2700 1789 2728 α
1813 2698 1873 2728 m.
1889 2690 1916 2728 2

222 2740 331 2796 FV;
389 2738 478 2799 γάρ
509 2729 626 2799 B,p
674 2742 710 2786 F
756 2757 818 2786 m.
855 2747 894 2786 1.
1078 2741 1247 2799 γωνία]
1294 2741 1352 2795 Ρ,
1402 2755 1491 2787 om.
1540 2700 1754 2815 BFVp?
1784 2742 1835 2786 in
1881 2743 1916 2786 F

221 2801 327 2847 add.
359 2816 420 2846 m.
453 2815 544 2846 rec.
704 2797 756 2859 ἦ]
791 2815 931 2855 supra
961 2815 1046 2847 scr.
1078 2814 1139 2845 m.
1164 2805 1191 2845 2
1223 2801 1277 2846 V.
1404 2805 1472 2847 10.
1505 2799 1758 2861 πρότερον]
1790 2802 1918 2859 πρῶ-

221 2876 303 2904 τον
335 2860 392 2905 V.
522 2859 602 2905 καὶ
635 2856 716 2918 ως]
750 2860 799 2916 Ρ,
832 2859 868 2903 F
900 2861 1006 2918 (καί
1032 2859 1124 2904 del.
1156 2875 1216 2904 m.
1244 2861 1309 2917 2);
1343 2877 1406 2912 ως
1436 2860 1528 2918 Bp,
1563 2875 1588 2906 e
1620 2873 1734 2905 corr.
1768 2860 1826 2907 V.
