1956 3074
193 100 302 153 220
825 100 1160 143 ΣΤΟΙΧΕΙῼΝ
1191 97 1253 156 γ’.

191 223 392 290 γωνίαι
431 221 527 290 τῆς
564 216 674 274 ὑπὸ
694 224 862 273 ΕΑΒ
905 221 1232 282 διπλασίους
1271 221 1428 272 εἰσίν.
1470 223 1560 287 ἴση
1602 215 1664 271 δὲ
1703 214 1737 286 ἡ
1776 213 1887 271 ὑπὸ

192 313 354 362 ΒΕΖ
385 318 505 372 ταῖς
542 304 652 362 ὑπὸ
682 313 865 377 ΕΑΒ,
899 312 1093 360 ΕΒΑ·
1132 305 1225 359 καὶ
1264 303 1298 375 ἡ
1331 302 1439 360 ὑπὸ
1466 310 1627 360 ΒΕΖ
1652 303 1764 376 ἄρα
1794 307 1891 375 τῆς

193 393 302 451 ὑπὸ
328 401 496 454 ΕΑΒ
523 397 637 450 ἐστι
678 397 859 465 διπλῆ.
901 394 994 449 διὰ
1035 393 1103 448 τὰ
1143 391 1284 448 αὐτὰ
1319 391 1387 464 δὴ
1418 390 1568 464 καὶὴ
1594 390 1702 447 ὑπὸ
1731 397 1890 447 ΖΕΓ

192 487 290 555 τῆς
327 481 437 539 ὑπὸ
478 488 651 538 ΕΑΓ
678 485 792 538 ἐστι
833 486 1015 553 διπλῆ.
1058 480 1158 552 ὅλη
1199 480 1308 554 ἄρα
1347 479 1380 552 ἡ
1421 479 1530 536 ὑπὸ
1564 485 1734 536 ΒΕΓ
1759 478 1892 552 ὅλης

135 585 160 624 5
193 575 294 644 τῆς
330 570 440 627 ὑπὸ
482 575 657 626 ΒΑΓ
690 572 805 625 ἐστι
846 573 1027 641 διπλῆ.

305 659 619 715 Κεκλάσθω
662 658 732 729 δὴ
771 658 960 729 πάλιν,
1000 659 1091 712 καὶ
1133 662 1271 713 ἔστω
1312 658 1470 730 ἑτέρα
1501 661 1680 728 γωνία
1711 655 1745 728 ἡ
1779 654 1888 712 ὑπὸ

194 754 382 818 ΒΔΓ,
421 748 514 803 καὶ
556 750 939 819 ἐπιζευχθεῖσα
978 745 1012 818 ἡ
1055 754 1110 801 Δ
1121 753 1173 801 Ε
1202 745 1559 817 ἐκβεβλήσθω
1602 746 1689 800 ἐπὶ
1720 743 1783 801 τὸ
1816 750 1888 802 Η.

195 834 402 908 ὁμοίως
442 834 511 908 δὴ
552 837 824 907 δείξομεν,
866 835 950 891 ὅτι
987 838 1154 906 διπλῆ
1189 837 1340 891 ἐστιν
1371 833 1405 906 ἡ
1437 832 1548 890 ὑπὸ
1583 838 1760 889 ΗΕΓ
1784 855 1891 904 γω-

193 930 289 980 νία
327 928 426 996 τῆς
462 923 572 980 ὑπὸ
615 930 809 995 ΕΔΓ,
867 917 948 979 ὦν
994 922 1027 995 ἡ
1069 921 1179 979 ὑπὸ
1220 929 1392 978 ΗΕΒ
1434 926 1600 993 διπλῆ
1642 925 1757 978 ἐστι
1795 925 1893 993 τῆς

107 1027 164 1067 10
194 1011 304 1069 ὑπὸ
353 1019 553 1068 ΕΔΒ·
615 1011 780 1084 λοιπὴ
828 1012 939 1085 ἄρα
986 1010 1021 1083 ἡ
1070 1010 1179 1067 ὑπὸ
1228 1015 1397 1066 ΒΕΓ
1437 1014 1602 1081 διπλῆ
1644 1012 1758 1066 ἐστι
1796 1014 1896 1081 τῆς

193 1100 304 1157 ὑπὸ
346 1106 529 1156 ΒΔΓ.

301 1188 395 1245 Ἐν
427 1190 613 1265 κύκλῳ
646 1188 757 1262 ἄρα
788 1187 822 1261 ἡ
854 1188 996 1260 πρὸς
1025 1191 1100 1264 τῷ
1133 1189 1341 1263 κέντρῳ
1374 1191 1553 1258 γωνία
1582 1191 1895 1243 διπλασίων

196 1279 310 1335 ἐστὶ
356 1281 454 1350 τῆς
499 1277 638 1351 πρὸς
682 1282 748 1351 τῇ
796 1282 1144 1351 περιφερείᾳ,
1201 1275 1336 1332 ’ὅταν
1382 1275 1486 1347 τὴν
1526 1273 1704 1347 αὐτὴν
1743 1295 1895 1348 περι-

197 1368 430 1439 φέρειαν
470 1366 639 1437 βάσιν
681 1371 883 1438 ε”χωσιν
924 1369 1010 1435 [αἱ
1043 1370 1289 1437 γωνίαι]·
1331 1364 1468 1437 ὅπερ
1510 1369 1622 1421 ἔδει
1664 1366 1854 1432 δεῖξαι.

110 1542 164 1581 15
984 1527 1101 1585 κα’.

305 1629 406 1687 Ἐν
460 1631 675 1708 κύκλῳ
732 1634 802 1686 αἱ
855 1633 916 1687 ἐν
962 1635 1043 1707 τῷ
1091 1629 1262 1708 αὐτῷ
1319 1630 1607 1703 τμήματι
1666 1634 1943 1702 γωνίαι-

200 1728 340 1777 ἰ’σαι
380 1719 699 1793 ἀλλήλαις
739 1724 926 1776 εἰσίν.

295 1808 476 1865 ’Ἑστω
515 1807 718 1875 κύκλος
759 1806 788 1864 ὁ
829 1813 1078 1879 ΑΒΓΔ,
1118 1809 1209 1864 καὶ-
1250 1810 1311 1864 ἐν
1350 1813 1425 1884 τῷ
1467 1807 1618 1885 αὐτῷ
1658 1806 1897 1879 τμήματι

197 1902 274 1975 τῷ
330 1904 564 1954 ΒΑΕΔ
616 1901 818 1968 γωνίαι
872 1900 1120 1952 ἔστωσαν
1176 1899 1238 1951 αἱ
1280 1894 1388 1953 ὑπὸ
1439 1903 1639 1967 ΒΑΔ,
1695 1902 1896 1951 ΒΕΔ·

110 1999 168 2040 20
199 1988 360 2058 λέγω,
402 1984 486 2041 ὅτι
526 1989 588 2041 αἰ
622 1983 732 2041 ὑπὸ
772 1991 974 2056 ΒΑΔ,
1027 1991 1197 2040 ΒΕΔ
1235 1990 1435 2057 γωνίαι
1476 1992 1592 2041 ἴσαι
1631 1984 1898 2057 ἀλλήλαις

199 2078 358 2131 εἰσίν.

311 2161 589 2234 Εἰλήφθω
628 2159 737 2234 γὰρ
776 2164 878 2216 τοῦ
912 2166 1132 2217 ΑΒΓΔ
1162 2160 1375 2218 κύκλου
1412 2160 1475 2217 τὸ
1514 2162 1768 2235 κέντρον,
1803 2161 1899 2217 καὶ
1954 2187 1956 2190 ⁴

201 2256 340 2308 ἔστω
378 2250 441 2307 τὸ
485 2256 546 2320 Ζ,
586 2251 679 2305 καὶ
719 2249 1141 2322 ἐπεζεύχθωσαν
1182 2252 1244 2305 αἱ
1279 2256 1404 2321 ΒΖ,
1445 2257 1573 2307 ΖΔ.
1952 2271 1953 2274 ’

312 2339 426 2394 Καὶ
466 2338 581 2394 ἐπεὶ
620 2334 654 2408 ἡ
695 2359 798 2408 μεν
838 2334 947 2392 ὑπὸ
981 2343 1154 2392 ΒΖΔ
1184 2343 1363 2409 γωνία
1402 2337 1542 2412 πρὸς
1578 2359 1655 2414 τῳ
1687 2339 1896 2411 κέντρῳ

111 2441 167 2481 25
202 2429 371 2496 ἐστίν,
411 2424 445 2498 ἡ
487 2425 550 2481 δε
588 2422 697 2480 ὑπὸ
723 2431 899 2480 ΒΑΔ
922 2423 1063 2494 πρὸς
1099 2427 1166 2497 τῇ
1204 2431 1546 2501 περιφερεία,
1584 2427 1677 2481 καὶ
1710 2430 1899 2499 ἔχουσι

322 2595 363 2634 1.
396 2589 639 2633 ὃιπλασιάι
671 2585 788 2631 εἰσίν
819 2585 927 2640 FV3
982 2585 1031 2629 in
1063 2588 1306 2631 διπλασίαι
1337 2587 1421 2632 ult.
1455 2606 1471 2631 ι
1503 2602 1528 2632 e
1561 2603 1677 2634 corr.
1710 2589 1774 2643 V;
1808 2587 1898 2634 εἰσι

201 2649 444 2693 διπλασίαι
466 2661 512 2714 p.
635 2651 675 2690 2.
707 2643 760 2704 ἡ]
794 2659 883 2690 om.
916 2660 962 2702 p.
1085 2650 1126 2689 3.
1163 2642 1288 2691 ἐστιν
1318 2646 1370 2690 P.
1492 2648 1632 2704 διπλῆ
1668 2644 1765 2692 ἐστι
1796 2649 1852 2693 V.

200 2714 242 2752 4.
276 2706 443 2764 ΕΑΓ]
476 2706 526 2750 in
557 2719 644 2750 ras.
678 2705 742 2757 V;
775 2717 890 2749 corr.
925 2717 980 2747 ex
1014 2706 1157 2748 ΕΖΓ
1182 2720 1243 2748 ιιι.
1270 2710 1296 2749 2
1328 2705 1379 2750 F.
1569 2664 1694 2751 ἐστιν
1726 2707 1775 2751 F.

202 2766 419 2840 ΒΕΓ]
399 2765 492 2809 litt.
530 2767 611 2807 BE
642 2763 692 2807 in
722 2777 813 2810 ras.
837 2763 888 2807 F.
997 2768 1038 2807 5.
1071 2759 1200 2808 ἐστιν
1230 2763 1280 2806 Ρ.
1383 2770 1424 2809 6.
1456 2766 1607 2821 γωνία
1632 2762 1772 2822 ἑτέρα
1802 2765 1895 2823 Bp.

260 2830 302 2869 8.
334 2842 364 2881 η
396 2821 491 2868 ὑπὸ
530 2825 757 2866 ΗΕΓ-
784 2827 823 2865 9.
859 2817 976 2880 ἐστι]
1012 2837 1105 2879 mg.
1139 2837 1200 2866 m.
1229 2831 1249 2866 1
1286 2822 1334 2868 P.
1474 2829 1513 2868 9.
1550 2825 1721 2883 ΕΔΓ]
1753 2826 1902 2870 ΕΔΓ

201 2886 374 2942 γωνίας
405 2883 453 2927 F.
598 2874 685 2940 ων]
720 2895 861 2937 supra
893 2894 952 2927 m.
979 2886 1005 2925 2
1038 2881 1089 2925 F.
1227 2884 1276 2925 Η
1283 2882 1390 2941 ΕΒ]
1425 2896 1450 2927 e
1483 2897 1597 2928 corr.
1629 2883 1686 2929 V.
1826 2887 1894 2928 10.
