1956 3074
350 617 1134 678 DEMONSTRATIONES
1181 618 1575 680 ALTERAE.

944 824 989 874 1.

670 926 756 978 Ad
795 925 887 978 lib.
918 924 973 977 II
1010 942 1163 994 prop.
1195 926 1245 978 4.

834 1054 1089 1120 ’Ἄλλως

231 1159 417 1230 Λέγω,
468 1157 553 1214 ὅτι
599 1156 662 1214 τὸ
705 1157 813 1215 ἀπὸ
853 1167 950 1229 τῆς
988 1164 1097 1213 ΑΒ
1136 1158 1485 1231 τετράγωνον
1526 1165 1654 1214 ἴσον
1695 1160 1810 1214 ἐστὶ

116 1258 234 1313 τοῖς
279 1269 335 1303 τε
386 1244 494 1303 ἀπὸ
553 1250 667 1302 τῶν
718 1251 844 1317 ΑΓ,
883 1251 985 1301 ΓΒ
1035 1246 1403 1319 τετραγώνοις
1451 1246 1545 1301 καὶ
1594 1250 1670 1323 τῷ
1724 1247 1811 1312 δὶς

116 1333 226 1392 ὑπὸ
266 1339 380 1391 τῶν
419 1341 544 1407 ΑΓ,
586 1341 691 1391 ΓΒ
714 1335 1102 1409 περιεχομένῳ
1144 1332 1495 1411 ὀρθογωνίῳ.

59 1436 85 1476 5
223 1421 343 1480 Ἐπὶ
381 1424 490 1498 γὰρ
529 1428 627 1496 τῆς
669 1422 840 1495 αὐτῆς
877 1427 1254 1495 καταγραφῆς,
1295 1423 1411 1480 ἐπεὶ
1451 1429 1542 1494 ἴση
1585 1424 1735 1480 ἐστὶν
1776 1447 1809 1496 η

115 1519 228 1568 ΒΑ
279 1515 346 1586 τί
396 1519 541 1582 ΑΔ,
598 1518 688 1582 ἴση
744 1511 859 1567 ἐστὶ
909 1511 1001 1566 καὶ
1050 1516 1230 1581 γωνία
1280 1509 1314 1583 ἡ
1366 1509 1476 1567 ὑπὸ
1517 1517 1692 1567 ΑΒΔ
1743 1516 1809 1585 τῇ

114 1599 226 1658 ὑπὸ
252 1607 457 1657 ΑΔΒ·
495 1602 589 1657 καὶ
630 1600 745 1657 ἐπεὶ
784 1599 992 1665 παντὸς
1030 1599 1309 1670 τριγώνου
1347 1603 1410 1655 αἰ
1436 1611 1583 1673 τρεῖς
1612 1606 1811 1671 γωνίαι

117 1690 283 1746 δυσὶν
324 1687 526 1761 ὀρθαῖς
566 1697 680 1745 ἴσαι
721 1693 889 1759 εἰσίν,
928 1691 1030 1743 τοῦ
1070 1696 1124 1743 A
1136 1694 1247 1743 AB
1288 1686 1398 1761 ἄρα
1435 1688 1715 1761 τριγώνου
1754 1693 1816 1745 αἱ

114 1789 262 1850 τρεῖς
307 1784 507 1850 γωνίαι
555 1781 616 1834 αἱ
661 1776 770 1834 ὑπὸ
819 1782 1021 1847 ΑΔΒ,
1060 1782 1170 1832 BA
1182 1784 1262 1847 A,
1303 1783 1476 1832 ΔΒΑ
1515 1778 1682 1833 δυσὶν
1721 1778 1811 1850 ὀρ-

32 1878 87 1917 10
118 1874 251 1934 θαῖς
298 1875 413 1923 ἴσαι
462 1871 621 1923 εἰσίν.
700 1863 849 1938 ὀρθὴ
890 1864 952 1921 δὲ
991 1862 1025 1935 ἡ
1066 1861 1175 1920 ὑπὸ
1217 1871 1419 1920 ΒΑΔ·
1474 1867 1662 1922 λοιπαὶ
1702 1865 1810 1939 ἄρα

117 1957 180 2010 αἰ
227 1953 340 2012 ὑπὸ
377 1962 578 2025 ΑΒΔ,
616 1961 790 2010 ΑΔΒ
841 1957 939 2026 μιᾷ
992 1951 1140 2026 ὀρθῇ
1182 1960 1297 2008 ἴσαι
1338 1957 1474 2009 εἰσί·
1535 1959 1634 2010 καί
1667 1959 1810 2011 εἰσιν

117 2051 264 2099 ἴσαι·
299 2045 526 2117 ἑκατέρα
558 2042 669 2115 ἄρα
699 2046 814 2099 τῶν
845 2040 956 2098 ὑπὸ
981 2047 1174 2111 ΑΒΔ,
1199 2048 1372 2097 ΑΔΒ
1404 2039 1628 2113 ἡμίσειά
1661 2045 1811 2100 ἐστιν

117 2129 309 2204 ὀρθῆς.
381 2130 527 2204 ὀρθὴ
579 2131 640 2186 δὲ
687 2129 721 2201 ἡ
762 2128 872 2186 ὑπὸ
914 2133 1109 2184 ΒΓΗ·
1174 2137 1265 2201 ἴση
1305 2129 1412 2201 γάρ
1453 2132 1568 2187 ἐστι
1605 2135 1672 2205 τῇ
1712 2131 1813 2188 ἄπ-

118 2224 376 2276 εναντίον
415 2222 480 2293 τῇ
514 2217 652 2291 πρὸς
683 2222 760 2295 τῷ
793 2226 874 2274 Α·
914 2217 1080 2289 λοιπὴ
1123 2216 1232 2288 ἄρα
1270 2216 1305 2290 ἡ
1346 2217 1455 2275 ὑπὸ
1480 2223 1649 2275 ΓΗΒ
1689 2218 1811 2292 ἡμί-

31 2320 87 2360 15
119 2308 241 2364 σειά
280 2310 430 2364 ἐστιν
471 2307 670 2380 ὀρθῆς·
720 2314 811 2378 ἴση
852 2306 962 2379 ἄρα
1001 2304 1035 2377 ἡ
1074 2303 1185 2361 ὑπὸ
1214 2311 1392 2362 ΓΒΗ
1406 2312 1586 2378 γωνία
1609 2312 1675 2382 τῇ
1699 2307 1808 2366 ὑπὸ

117 2401 314 2453 ΓΗΒ·
355 2394 494 2453 ὥστε
533 2397 625 2452 καὶ
666 2393 876 2467 πλευρὰ
916 2393 950 2466 ἡ
978 2399 1088 2450 ΒΓ
1109 2397 1175 2467 τῇ
1203 2399 1322 2450 ΓΗ
1339 2397 1490 2452 ἐστιν
1523 2404 1630 2468 ἴση.
1682 2395 1805 2453 ἀλλ’

186 2544 451 2648 ηὲᾶᾶίῗίὲ
465 2544 627 2590 Theon
659 2543 891 2600 (BFVp);
947 2557 1040 2600 mg.
1074 2557 1135 2586 m.
1168 2555 1258 2588 rec.
1291 2541 1348 2596 P3
1404 2543 1462 2588 de
1494 2543 1732 2602 Campano
1763 2561 1808 2590 u.

114 2619 160 2661 p.
302 2617 363 2648 no
390 2639 400 2649 .
456 2637 466 2646 .

240 2697 279 2735 1.
312 2692 394 2735 καὶ
426 2687 575 2742 ἄλλως
605 2691 655 2734 Ρ.
778 2696 818 2735 3.
850 2690 922 2748 τε]
955 2705 1015 2734 m.
1042 2695 1067 2733 2
1101 2704 1146 2747 p.
1269 2691 1384 2749 ΑΓ]
1418 2704 1532 2737 corr.
1559 2705 1615 2736 ex
1645 2695 1726 2736 AB
1757 2693 1807 2737 F.

120 2755 160 2795 6.
194 2750 296 2809 BA]
334 2755 415 2794 AB
447 2766 492 2808 p.
616 2745 739 2807 ἐστι’]
775 2763 862 2794 om.
896 2749 951 2795 V.
1076 2753 1115 2793 ’1.
1150 2743 1282 2807 ἐπεί]
1315 2763 1410 2795 non
1438 2750 1590 2807 liquet
1619 2750 1669 2795 in
1699 2751 1748 2796 F.

119 2813 160 2854 8.
194 2807 289 2853 εἰσί
313 2809 407 2854 ΡΒ.
502 2809 584 2853 τοῦ
618 2811 752 2852 ΑΔΒ
780 2834 836 2840 -
865 2812 933 2852 10.
967 2806 1107 2865 εἰσίν]
1141 2822 1235 2865 mg.
1267 2823 1329 2854 m.
1354 2814 1380 2854 2
1413 2808 1508 2866 Vp.
1595 2810 1807 2869 8.ΑΔΒ]

117 2872 255 2912 ΑΒΔ
285 2869 375 2925 Pp.
500 2873 539 2912 9.
577 2867 730 2926 ΑΔΒ]
764 2870 899 2911 ΑΒΔ
930 2867 1019 2924 Pp.
1151 2867 1307 2926 ΒΑΔ]
1341 2870 1475 2912 ΑΔΒ
1508 2869 1558 2924 Ρ,
1591 2872 1724 2914 ΔΒΑ
1754 2883 1800 2925 p.
