1956 3074
102 940 159 980 10

104 1438 159 1479 15

104 1879 163 1920 20

192 14 305 67 280
838 15 1177 58 ΣΤοῙΧΕΙΩΝ
1207 12 1271 61 δ’.

193 138 330 202 ΔΖ,
381 137 510 186 ΔΗ
541 138 657 187 ἴσαι
696 130 962 203 ἀλλήλαις
1000 136 1173 188 εἰσίν·
1244 131 1274 189 ὁ
1316 131 1424 206 ἄρα
1463 135 1672 210 κέντρῳ
1711 136 1788 210 τῷ
1829 139 1880 190 Α

189 220 283 275 καὶ
323 219 653 291 διαστήματι
692 221 778 276 ἑνὶ
815 223 928 277 τῶν
967 227 1041 292 Ε,
1082 228 1155 292 Ζ,
1195 227 1260 276 Η
1290 221 1494 288 κύκλος
1529 222 1880 295 γραφόμενος

189 306 308 379 ἥξει
361 309 454 364 καὶ
503 307 597 365 διὰ
635 313 748 365 τῶν
795 313 1007 365 λοιπῶν
1047 315 1291 381 σημείων
1329 311 1422 365 καὶ
1461 310 1731 382 ἐφάψεται
1770 312 1879 365 τῶν

189 402 298 452 AB
309 439 325 466 ‚
376 401 504 467 ΒΓ,
553 402 654 452 ΓΑ
692 395 934 463 εὐθειῶν
974 397 1068 453 διὰ
1105 397 1167 453 τὸ
1210 395 1389 469 ὀρθὰς
1428 396 1572 454 εἶναι
1610 399 1710 464 τὰς
1740 395 1882 469 πρὸς

189 496 307 551 τοῖς
346 492 421 556 Ε,
471 491 541 556 Ζ,
588 491 653 540 Η
684 490 931 556 σημείοις
977 490 1198 555 γωνίας.
1275 489 1326 541 εἰ
1361 485 1468 558 γὰρ
1507 498 1660 558 τεμεῖ
1695 484 1883 556 αὐτάς,

191 577 344 628 ἔσται
398 571 432 643 ἡ
487 576 553 645 τῇ
610 573 883 647 διαμέτρῳ
938 575 1040 628 τοῦ
1092 572 1302 629 κύκλου
1355 573 1495 646 πρὸς
1549 572 1725 646 ὀρθὰς
1782 571 1877 628 ἀπ’

190 658 364 733 ἄκρας
402 659 649 732 ἀγομένη
691 659 848 726 ἐντὸς
884 665 1160 716 πίπτουσα
1197 665 1300 717 τοῦ
1331 661 1559 717 κύκλου·
1594 661 1726 733 ὅπερ
1759 660 1883 717 ἄτο-

190 767 300 804 πον
341 750 598 819 ἐδείχθη·
639 747 742 805 οὐκ
780 747 890 820 ἄρα
930 747 960 805 ὁ
1000 750 1209 824 κέντρῳ
1248 753 1323 826 τῷ
1365 757 1420 805 Δ
1456 748 1782 821 διαστήματι
1821 750 1883 805 δὲ

191 836 276 892 ἑνὶ
315 840 430 892 τῶν
470 843 543 907 Ε,
597 843 669 907 Ζ,
708 843 774 891 Η
803 837 1160 910 γραφόμενος
1198 840 1400 904 κύκλος
1437 848 1588 910 τεμεῖ
1622 836 1717 904 τὰς
1755 843 1883 908 ΑΒ,

191 929 313 995 ΒΓ,
354 930 453 980 ΓΑ
491 923 755 998 Ῑεύθείας·
797 925 1081 997 ζέφάψεται
1120 925 1229 999 ἄρα
1280 924 1483 997 αὐτῶν,
1521 926 1614 982 καὶ
1654 930 1806 981 ἔσται
1855 926 1886 983 ὁ

190 1011 396 1078 κύκλος
449 1014 888 1085 ἐγγεγραμμένος
942 1018 1020 1080 εἰς
1065 1014 1128 1071 τὸ
1166 1020 1338 1070 ΑΒΓ
1375 1019 1665 1085 τρίγωνον.
1735 1017 1881 1085 ἐγγε-

188 1099 433 1173 γράφθω
475 1099 550 1166 ὥς
589 1099 618 1157 ὁ
659 1107 841 1168 ΖΗΕ.

303 1192 406 1254 Εἰς
444 1189 554 1261 ἄρα
592 1189 654 1245 τὸ
697 1189 874 1246 δοθὲν
912 1195 1189 1262 τρίγωνον
1228 1190 1290 1247 τὸ
1317 1190 1707 1256 ΑΒΓκύκλος
1739 1191 1887 1260 ἐγγέ-

194 1297 434 1350 γραπται
476 1275 505 1333 ὁ
547 1283 748 1351 ΕΖρΗ·
789 1276 923 1351 ὅπερ
965 1283 1078 1334 ἔδει
1117 1282 1359 1350 ποιῆσαι.

1006 1448 1031 1481 ε
1059 1470 1070 1481 .

306 1513 470 1585 Περὶ
549 1514 618 1569 τὸ
699 1513 905 1588 δοθὲζν
983 1519 1313 1586 τρίγωνον
1390 1513 1633 1570 κύκλον
1710 1532 1888 1580 περι-

197 1601 460 1673 γραφαί

291 1688 471 1746 ’Ἑστω
519 1687 583 1745 τὸ
633 1688 810 1745 δοθὲν
860 1694 1138 1762 τρίγωνον
1176 1688 1240 1746 τὸ
1281 1695 1464 1746 ΑΒΓ·
1535 1693 1624 1745 δεῖ
1661 1690 1722 1746 δὲ
1760 1690 1890 1763 περὶ

196 1776 259 1834 τὸ
304 1777 482 1834 δοθὲν
519 1783 800 1851 τρίγωνον
837 1777 900 1834 τὸ
941 1784 1117 1834 ΑΒΓ
1148 1778 1357 1835 κύκλον
1395 1777 1751 1851 περιγράψαι.

307 1865 724 1937 Τετμήσθωσαν
772 1869 834 1921 αἰ
869 1872 1005 1936 ΑΒ,
1062 1871 1178 1922 ΑΓ
1215 1866 1432 1922 εὐθεῖαι
1473 1871 1600 1939 δίχα
1637 1865 1775 1923 κατὰ
1817 1865 1887 1923 τὰ

197 1961 268 2024 Δ,
307 1959 360 2008 Ε
396 1965 620 2025 σημεῖα,
665 1954 759 2009 καὶ
799 1952 906 2010 ἀπὸ
958 1957 1070 2010 τῶν
1112 1961 1182 2024 Δ,
1223 1960 1276 2009 Ε
1319 1959 1562 2027 σημείων
1601 1966 1721 2020 ταῖς
1758 1961 1891 2026 ΑΒ,

194 2047 311 2098 ΑΓ
341 2041 481 2115 πρὸς
520 2039 700 2111 ὀρθὰς
738 2041 1009 2114 ἤχθωσαν
1041 2045 1102 2097 αἰ
1133 2049 1260 2114 ΔΖ,
1301 2049 1434 2099 ΕΖ·
1475 2046 1891 2112 συμπεσοῦνται

195 2130 266 2201 δὴ
306 2128 429 2202 ’ἤτοι
469 2130 625 2197 ἐντὸς
662 2134 763 2187 τοῦ
802 2137 974 2187 ΑΒΓ
1009 2133 1286 2204 τριγώνου
1323 2129 1358 2204 ἦ
1401 2132 1487 2188 ἐπὶ
1525 2135 1623 2204 τῆς
1660 2137 1772 2188 ΒΓ
1803 2131 1889 2188 εὐ-

193 2225 355 2287 θείας
393 2217 427 2291 ἢ
469 2218 623 2285 ἐκτὸς
659 2222 755 2291 τῆς
791 2225 908 2275 ΒΓ.
1431 2215 1433 2217 ’
1464 2211 1468 2214 ”

314 2366 370 2412 V.
402 2366 591 2424 Pappus
623 2367 710 2411 VII
741 2383 785 2424 p.
815 2372 916 2423 646,
937 2373 975 2412 7.
1040 2366 1310 2425 Simplicius
1341 2366 1389 2411 in
1420 2367 1554 2424 phys.
1586 2365 1666 2411 fol.
1694 2371 1790 2413 14¹².

318 2505 358 2545 1.
392 2501 507 2557 ἴσαι]
543 2495 736 2544 εὐθεῖαι
767 2502 864 2544 ἴσαι
896 2500 951 2544 V.
1075 2499 1171 2544 εἰσί
1195 2499 1252 2545 V.
1373 2504 1414 2543 2.
1455 2500 1563 2557 καί]
1597 2515 1656 2543 m.
1683 2505 1708 2543 2
1742 2499 1796 2543 V.

200 2556 300 2618 ἔνι’]
335 2558 388 2604 δὲ
424 2555 500 2603 ἑνί
526 2559 568 2603 V
601 2560 650 2603 et
679 2575 739 2604 m.
773 2573 863 2605 rec.
898 2559 949 2603 Β.
1072 2561 1126 2615 Ε,
1163 2562 1210 2614 Ζ,
1243 2559 1318 2618 H]
1352 2558 1496 2616 PBp;
1532 2561 1644 2614 ΔΗ,
1669 2561 1769 2613 ΔΖ,
1794 2560 1889 2602 ΛΕ

195 2617 247 2662 in
277 2632 366 2663 rae.
387 2618 428 2663 V
461 2619 523 2673 et,
554 2619 607 2662 ut
635 2617 838 2673 uidebar,
870 2617 925 2673 Ἐς
958 2634 1027 2675 γρ.
1062 2619 1164 2662 καί·
1198 2618 1278 2662 καὶ
1312 2616 1382 2663 ἑνὶ
1413 2618 1506 2661 τῶν
1540 2620 1655 2672 ΔΗ,
1675 2619 1888 2674 ΔΖ,ΔΕ

195 2691 290 2734 mg.
323 2691 384 2722 m.
415 2690 510 2723 rec.
541 2676 593 2721 B.
739 2674 1098 2749 γραφόμεμενος
1128 2678 1179 2722 Ρ.
1324 2681 1365 2721 5.
1396 2677 1591 2735 γωνίας]
1624 2691 1686 2721 m.
1712 2681 1737 2720 2
1770 2676 1826 2720 V.

195 2737 312 2840 τέμεῃ
343 2737 396 2780 Β.
489 2742 529 2781 6.
564 2732 674 2794 ἄπ’]
707 2735 798 2781 litt.
826 2753 878 2780 α-
909 2735 958 2780 in
988 2749 1078 2780 ras.
1110 2752 1173 2781 m.
1199 2741 1224 2781 2
1258 2736 1314 2782 V.
1426 2740 1464 2780 7.
1498 2730 1616 2792 ὅπερ
1649 2731 1774 2780 ἐστίν
1789 2735 1885 2792 Vp.

196 2799 238 2839 8.
298 2795 490 2853 δείχθη]
524 2795 574 2851 Ρ,
606 2794 644 2837 Β
675 2811 736 2839 m.
770 2809 884 2851 rec.;
917 2809 1006 2840 om.
1039 2795 1142 2851 Vp3
1177 2795 1259 2839 κ’ἃὶ
1292 2791 1487 2851 ἐδείχθη
1518 2793 1566 2839 F.
1646 2790 1692 2852 ὁ]
1728 2808 1818 2839 om.
1835 2794 1886 2839 P.
