1956 3074
100 1046 156 1086 10

99 1581 152 1619 15

93 2024 151 2064 20

90 2469 147 2509 26

194 116 303 169 190
834 119 1172 162 ΣΤΟΙΧΕῙΩΝ
1203 116 1266 175 γ’.

188 237 304 290 τῶν
344 235 448 306 μὲν
485 235 626 308 πρὸς
663 235 766 307 τὴν
801 240 1000 306 κοίλην
1032 238 1391 310 περιφέρειαν
1422 247 1893 311 προσπιπτουσῶν

190 313 436 380 εὐθειᾰῖν
475 329 703 396 μεγίστη
743 325 846 396 μέν
886 327 1036 381 ἐστιν
1067 323 1102 396 ἡ
1137 325 1230 380 διὰ
1262 329 1365 382 τοῦ
1398 326 1651 399 κέντρου,
1683 331 1797 383 τῶν
1829 327 1892 383 δὲ

190 410 379 468 ἄλλων
426 411 511 469 ἀεὶ
557 411 590 484 ἡ
641 417 831 485 ἔγγιον
878 418 976 485 τῆς
1023 412 1116 470 διὰ
1164 417 1266 470 τοῦ
1312 415 1548 487 κέντρου
1601 419 1698 487 τῆς
1745 414 1891 472 ἀπεό-

188 522 352 574 τερον
392 506 591 573 μείζων
632 503 802 572 ἐστίν,
842 505 955 557 τῶν
995 501 1058 557 δὲ
1096 502 1236 575 πρὸς
1279 501 1382 574 τὴν
1419 502 1630 575 κυρτὴν
1663 506 1888 577 περιφέ-

189 612 347 664 ρειαν
394 592 865 662 προσπιπτουσῶν
912 588 1155 646 εὐθειῶν
1203 593 1459 663 ἐλαχίστη
1509 594 1611 663 μέν
1659 594 1810 649 ἐστιν
1849 591 1886 665 ἡ

188 678 392 751 μεταξὺ
447 682 548 734 τοῦ
603 698 660 734 τε
716 683 951 750 σημείου
996 679 1091 733 καὶ
1137 683 1234 750 τῆς
1285 681 1611 753 διαμέτρου,
1665 684 1780 737 τῶν
1826 680 1890 736 δὲ

187 765 376 822 ἄλλων
416 765 503 822 ἀεὶ
542 764 576 838 ἡ
618 770 808 837 ἔγγιον
846 770 945 838 τῆς
977 768 1263 839 ἐλαχίστης
1293 771 1391 839 τῆς
1422 766 1713 841 ἀπώτερόν
1739 771 1889 824 ἐστιν

189 855 449 926 ἐλάττων,
502 855 606 912 δύο
656 855 718 911 δὲ
757 855 938 927 μόνον
979 863 1093 911 ἶσαι
1135 855 1242 911 ἀπὸ
1302 860 1402 912 τοῦ
1449 862 1683 929 σημείου
1720 874 1889 930 προσ-

187 948 491 1000 πεσοῦνται
529 945 670 1015 πρὸς
699 942 800 1000 τὸν
831 943 1043 1001 κύκλον
1075 942 1164 1016 ἐφ’
1189 944 1420 1017 ἑκάτερα
1451 949 1548 1017 τῆς
1580 947 1887 1018 ἐλαχίστης·

188 1031 324 1106 ὅπερ
365 1037 479 1090 ἔδει
519 1034 710 1100 δεῖξαι.

993 1195 1072 1251 θ’.

294 1297 440 1355 Ἐὰν
494 1299 742 1356 κύκλου
788 1303 1013 1373 ληφθῇ
1060 1322 1121 1356 τι
1169 1311 1447 1371 σημεῖον
1498 1299 1706 1371 ἐντός,
1762 1299 1884 1357 ἀπο

186 1388 256 1445 δὲ
306 1392 424 1445 τοῦ
463 1390 748 1462 σημείζου
786 1388 948 1460 πρὸς
987 1387 1103 1444 τὸν
1142 1388 1389 1445 κύκλον
1427 1393 1884 1460 προσπίπτωσι

184 1482 455 1543 πλείους
487 1473 525 1548 ἢ
555 1476 676 1533 δύο
711 1483 850 1533 ἴσαι
883 1475 1174 1547 εὐθεῖαι,
1211 1476 1280 1533 τὸ
1316 1477 1574 1548 ληφθὲν
1609 1489 1885 1550 σημεῖον

186 1564 469 1639 κέντρον
511 1566 649 1622 ἐστὶ
688 1569 804 1621 τοῦ
843 1564 1106 1621 κύκλου.

278 1652 463 1711 ’Ἔστω
502 1654 705 1720 κύκλος
744 1652 775 1711 ὁ
808 1659 992 1725 ΑΒΓ,
1034 1653 1192 1720 ἐντὸς
1232 1654 1294 1711 δὲ
1333 1653 1511 1711 αὐτοῦ
1552 1666 1783 1726 σημεῖον
1818 1654 1882 1712 τὸ

184 1750 258 1815 Δ,
297 1743 391 1799 καὶ
429 1741 539 1799 ἀπὸ
580 1746 684 1800 τοῦ
710 1750 765 1798 Δ
804 1741 942 1817 πρὸς
980 1741 1080 1799 τὸν
1105 1749 1277 1800 ΑΒΓ
1309 1743 1513 1801 ιιύκλον
1553 1745 1883 1817 προσπιπτέ-

182 1849 370 1890 τωσαν
408 1835 634 1899 πλείους
671 1829 705 1904 ἢ
746 1832 852 1889 δύο
895 1839 1011 1888 ἴσαι
1050 1830 1270 1889 εὐθεῖαι
1310 1835 1372 1888 αἱ
1402 1841 1536 1905 ΔΑ,
1571 1839 1700 1903 ΔΒ,
1743 1839 1882 1890 ΔΓ·

182 1923 344 1993 λέγω,
370 1918 456 1977 ὅτι
486 1919 549 1976 τὸ
576 1927 632 1975 Δ
656 1932 890 1993 σημεῖον
921 1922 1156 1993 κέντρον
1189 1921 1303 1977 ἐστὶ
1335 1924 1437 1977 τοῦ
1461 1927 1635 1977 ΑΒΓ
1651 1925 1878 1979 κύκλου.

289 2008 745 2082 Ἐπεζεύχθωσαν
784 2008 892 2082 γὰρ
934 2012 996 2064 αἱ
1033 2016 1158 2081 ΑΒ,
1204 2014 1314 2066 ΒΓ
1344 2010 1437 2066 καὶ
1476 2009 1880 2082 τετμήσθωσαν

183 2103 312 2171 δίχα
349 2096 488 2155 κατὰ
527 2096 595 2152 τὰ
635 2105 702 2169 Ε,
744 2105 789 2153 Ζ
822 2109 1039 2170 σημεῖα,
1064 2099 1171 2170 ,καὶ
1213 2100 1618 2171 ἐπιζευχθεῖσαι
1658 2101 1720 2154 αἰ
1749 2106 1880 2170 ΕΔ,

183 2194 294 2243 ΖΔ
335 2187 664 2260 διήχθωσαν
705 2187 794 2243 ἐπὶ
832 2185 899 2243 τὰ
941 2193 1016 2258 H,
1055 2193 1128 2257 K,
1168 2194 1232 2259 Θ,
1274 2193 1326 2243 Λ
1366 2198 1580 2260 σημεῖα.

290 2275 438 2333 Ἐπεὶ
478 2269 584 2333 οὖν
625 2282 717 2349 ἴση
759 2277 911 2333 ἐστὶν
951 2274 1125 2347 ἡΑΕ
1143 2285 1211 2350 τῇ
1237 2283 1361 2348 ΕΒ,
1401 2276 1563 2348 κοινὴ
1599 2276 1661 2332 δὲ
1685 2274 1720 2348 ἡ
1746 2283 1880 2350 ΕΔ,

182 2365 286 2422 δύο
336 2365 406 2437 δὴ
456 2367 518 2421 αἱ
554 2371 684 2435 ΑΕ,
740 2372 854 2421 ΕΔ
901 2364 1007 2421 δύο
1058 2376 1179 2432 ταῖς
1217 2372 1347 2439 ΒΕ,
1403 2371 1516 2421 ΕΔ
1556 2373 1670 2421 ἴσαι
1710 2370 1880 2422 εἰσίν·

180 2455 273 2510 καὶ
306 2453 470 2525 βάσις
501 2451 536 2525 ἡ
571 2461 687 2510 ΔΑ
712 2454 873 2525 βάσει
905 2458 970 2527 τῇ
1013 2460 1125 2510 ΔΒ
1166 2462 1284 2526 ἴση·
1324 2459 1502 2526 γωνία
1541 2452 1652 2527 ἄρα
1690 2452 1725 2525 ἡ
1767 2452 1876 2511 ὑπὸ

301 2623 343 2663 2.
375 2618 469 2662 τῶν
501 2616 554 2663 δὲ
587 2615 741 2663 ἄλλων
767 2643 821 2651 -
843 2623 911 2663 10.
945 2619 1121 2675 δεῖξαι]
1153 2618 1234 2663 καὶ
1265 2615 1324 2662 τὰ
1358 2613 1466 2674 ἑξῆς
1495 2633 1540 2675 p.
1638 2622 1705 2662 13.
1739 2632 1877 2674 προσ-

178 2678 402 2752 πίπτωσι]
435 2679 780 2735 προσπίπτουσι
811 2677 894 2735 Vp
1071 2682 1140 2722 14.
1174 2673 1373 2722 εὐθεῖαι
1403 2677 1502 2721 ἴσαι
1532 2676 1635 2720 BV.
1806 2681 1873 2720 18.

180 2734 374 2783 ευθεῖαι
407 2738 504 2781 ἴσαι
534 2736 666 2794 BVp
803 2693 894 2781 22.Ρ
911 2738 1015 2793 ΖΔ]
1047 2737 1191 2793 PBF,
1222 2735 1266 2780 V
1295 2751 1357 2781 m.
1376 2741 1424 2789 23
1459 2738 1607 2791 AZp
1653 2735 1772 2779 Vm.
1794 2741 1832 2779 1.

179 2801 237 2854 K,
271 2800 331 2852 H,
362 2801 416 2853 A,
451 2797 492 2840 Θ
521 2795 570 2841 Ρ.
731 2801 802 2840 24.
836 2797 949 2841 δυσί
974 2797 1112 2853 ΒφῙ)
1238 2794 1357 2840 εἰσίν
1410 2795 1564 2849 PFV3
1574 2750 1694 2839 pelei
1718 2793 1813 2851 Bp.

178 2833 250 2902 25⁹.
283 2856 392 2915 καί]
425 2871 485 2900 m.
505 2861 531 2899 2
563 2855 618 2900 V.
790 2852 894 2907 άσις
924 2851 1018 2911 ἄρα
1049 2855 1105 2899 V.
1228 2855 1326 2913 ἴση]
1428 2857 1476 2899 et
1505 2855 1671 2911 postea
1700 2853 1876 2898 inserto

179 2912 281 2960 ἐστί
306 2916 364 2970 F;
373 2856 481 2971 ]ἰ’ση
516 2911 615 2959 ἔστί
643 2914 707 2970 V;
775 2930 874 2959 στιν
907 2916 983 2971 ἴση
1014 2914 1106 2971 Bp.
