1956 3074
1925 0 1956 112 ’ἲ

227 261 288 316 δὲ
327 258 361 332 ἡ
401 259 511 316 ὑπὸ
545 266 748 315 ΒΑΔ·
789 257 937 332 ὀρθὴ
977 257 1087 331 ἄρα
1125 258 1218 314 καὶ
1257 255 1292 328 ᾗ
1333 255 1442 312 ὑπὸ
1476 263 1664 312 ΑΔΕ.
1712 261 1825 312 τῶν
1858 259 1919 315 δὲ

225 347 822 421 παραλληλογράμμων
861 353 1083 421 χωρίων
1124 350 1186 401 αἱ
1221 344 1558 402 ἀπεναντίον
1596 351 1835 418 πλευραί
1861 368 1918 403 τε

224 438 318 492 καὶ
355 441 558 508 γωνίαι
592 443 707 491 ἴσαι
740 434 1007 507 ἀλλήλαις
1039 439 1205 491 εἰσίν·
1228 433 1392 507 ,ὀρθὴ
1427 433 1537 508 ἄρα
1567 435 1660 489 καὶ
1693 435 1947 507 ἑκατέρα·

225 529 338 582 τῶν
377 522 715 581 ἀπεναντίον
753 528 867 580 τῶν
890 522 998 579 ὑπὸ
1033 529 1220 594 ΑΒΕ,
1262 529 1433 578 ΒΕΔ
1466 527 1711 594 γωνιῶν·
1754 521 1920 596 ὀρθο·

166 627 192 666 5
225 614 437 685 γώνιον
494 612 605 686 ἄρα
663 613 777 668 ἐστὶ
822 611 886 668 τὸ
933 618 1182 667 ΑΔΕΒ.
1260 613 1484 683 ἐδείχθη
1512 611 1603 667 ’δὲ
1657 612 1749 667 καὶ
1805 612 1920 668 ἰσό-

225 709 363 758 πλεν
403 725 483 758 ον.

347 725 712 863 Ίςετράγωνον
752 787 863 862 ἄρα
903 790 1074 844 ἐστίν·
1114 793 1212 844 καί
1246 790 1396 845 ἐστιν
1427 787 1534 845 ἀπὸ
1566 792 1662 860 τῆς
1693 796 1801 845 ΑΒ
1833 788 1920 846 εὐ-

225 882 391 943 θείας
429 875 960 951 ἀναγεγραμμένον·
1002 875 1136 950 ὅπερ
1177 880 1290 933 ἔδει
1329 881 1573 948 ποιῆσαι.

228 145 335 196 110
865 141 1199 184 ΣΤΟΙΧΕΙῼΝ
1231 137 1298 184 α’.

1017 1039 1130 1111 μζ.

137 1157 191 1196 10
333 1140 434 1198 Ἐν
474 1153 614 1208 τοῖς
654 1141 1108 1214 ὀρθογωνίοις
1145 1142 1499 1215 τριγώνοις
1530 1142 1601 1199 τὸ
1642 1142 1766 1201 ἀπὸ
1808 1150 1920 1218 τῆς

222 1229 338 1301 τὴν
389 1230 610 1303 ὀρθὴν
657 1236 908 1302 γωνίαν
957 1229 1445 1303 ὑποτεινούσης
1490 1238 1770 1305 πλευρᾶς
1822 1255 1919 1290 τε-

221 1317 568 1391 τράγωνον
626 1327 776 1376 ἴσον
824 1321 959 1375 ἐστὶ
1009 1331 1148 1386 τοϊς
1193 1318 1316 1375 ἀπὸ
1357 1324 1486 1376 τῶν
1532 1319 1647 1392 τὴν
1705 1319 1919 1394 ὀρθὴν

221 1413 473 1479 γωνίαν
519 1412 977 1481 περιεχουσῶν
1024 1411 1328 1479 πλευρῶν
1367 1409 1822 1479 τετραγώνοις.

319 1495 499 1553 ’Ἑστω
543 1502 822 1570 τρίγωνον
862 1495 1220 1568 ὀρθογώνιον
1259 1495 1321 1552 τὸ
1363 1503 1534 1552 ΑΒΓ
1566 1496 1751 1570 ὀρθὴν
1791 1502 1919 1571 ἕχον

135 1599 190 1638 15
221 1585 327 1656 τὴν
366 1583 474 1641 ὑπὸ
517 1591 690 1642 ΒΑΓ
720 1591 955 1657 γωνίανο
986 1586 1148 1656 λέγω,
1189 1583 1274 1641 ὅτι
1313 1585 1374 1641 τὸ
1416 1583 1526 1642 ἀπὸ
1566 1590 1663 1658 τῆς
1701 1592 1810 1642 ΒΓ
1841 1610 1920 1644 τε·

220 1673 516 1747 τράγωνον
558 1681 684 1730 ἴσον
725 1676 839 1731 ἐστὶ
877 1686 995 1740 τοῖς
1032 1672 1143 1730 ἀπὸ
1184 1677 1298 1730 τῶν
1340 1679 1464 1743 ΒΑ,
1506 1680 1620 1730 ΑΓ
1650 1676 1919 1747 τετραγώ-

222 1784 357 1828 νοις.

329 1848 770 1925 Ἀναγεγράφθω
818 1852 925 1925 γὰρ
973 1849 1084 1908 ἀπὸ
1131 1851 1234 1923 μὲν
1281 1854 1378 1922 τῆς
1423 1856 1533 1906 ΒΓ
1564 1851 1917 1923 τετράγωνον

219 1938 282 1995 τὸ
308 1945 555 2010 ΒΔΕΓ,
596 1939 704 1996 ἀπὸ
746 1940 807 1997 δὲ
845 1944 958 1997 τῶν
982 1945 1111 2009 ΒΑ,
1138 1937 1332 1995 ΑΓτά
1359 1945 1490 2011 ΗΒ,
1525 1945 1650 2009 ΘΓ,
1688 1941 1782 1995 καὶ
1822 1939 1916 2021 διᾲ

132 2041 190 2081 20
221 2031 323 2083 τοῦ
350 2036 401 2083 Α
432 2025 672 2103 ὁποτέρᾳ
702 2031 817 2085 τῶν
840 2035 970 2100 ΒΔ,
1002 2033 1110 2084 ΓΕ
1132 2026 1485 2099 παράλληλος
1516 2028 1676 2101 ἤχθω
1709 2027 1744 2100 ἡ
1777 2020 1917 2104 ΑΔᾸ

201 2118 311 2172 'cal
352 2116 774 2189 ἐπεζεύχθωσαν
814 2120 877 2172 αἱ
898 2125 951 2172 A
963 2124 1044 2188 A,
1094 2121 1207 2172 ΖΓ.
1283 2117 1377 2172 καὶ
1418 2118 1534 2173 ἐπεὶ
1575 2116 1724 2189 ὀρθή
1766 2118 1916 2173 ἐστιν

219 2205 450 2277 ἑκατέρα
486 2209 599 2261 τῶν
638 2203 749 2261 ὑπὸ
788 2211 978 2277 ΒΑΓ,
1023 2211 1207 2262 ΒΑΗ
1235 2209 1478 2277 γωνιῶν,
1518 2205 1656 2280 πρὸς
1696 2204 1767 2277 δή
1806 2227 1919 2262 τινι

219 2290 418 2367 εὐθείᾳ
462 2297 526 2367 τῇ
576 2300 686 2350 ΒΑ
731 2294 824 2349 καὶ
869 2298 945 2371 τῷ
996 2293 1137 2366 πρὸς
1174 2291 1315 2366 αὐτῇ
1356 2298 1564 2369 σημείῳ
1603 2297 1679 2369 τῷ
1719 2302 1773 2349 Α
1812 2294 1917 2350 δύο

219 2379 439 2437 εὐθεῖαι
485 2384 548 2437 αἱ
582 2387 715 2453 ΑΓ,
751 2388 878 2437 ΑΗ
915 2382 989 2454 μὴ
1039 2383 1127 2439 ἐπὶ
1174 2381 1240 2437 τὰ
1288 2380 1429 2437 αὐτὰ
1478 2382 1615 2454 με’ρη
1668 2387 1916 2455 κείμεναι

133 2490 190 2530 25
221 2468 318 2536 τὰς
365 2471 559 2541 ἐφεξῆς
606 2474 814 2541 γωνίας
861 2472 1028 2527 δυσὶν
1078 2468 1280 2541 ὀρθαῖς
1320 2477 1444 2536 ἴσας
1481 2474 1764 2526 ποιοῦσιν
1829 2468 1912 2527 ἐπ’

220 2557 446 2625 εὐθείας
484 2556 594 2631 ἄρα
634 2559 784 2616 ἐστὶν
822 2557 857 2631 ἡ
898 2564 1003 2615 ΓΑ
1041 2563 1106 2633 τῇ
1131 2565 1266 2616 ΑΗ.
1306 2557 1400 2615 διὰ
1439 2557 1505 2614 τὰ
1547 2557 1688 2614 αὐτὰ
1721 2557 1792 2631 δὴ
1822 2558 1915 2614 καὶ

336 2721 517 2766 XLVII.
563 2721 752 2779 Pappus
782 2722 804 2766 I
828 2737 872 2779 p.
894 2726 1074 2778 178‚11.
1125 2722 1280 2766 Schol.
1319 2721 1369 2764 in
1399 2721 1604 2767 Archim.
1637 2720 1702 2765 III
1732 2736 1776 2779 p.
1810 2726 1912 2766 383.

217 2780 410 2825 Boetius
442 2796 486 2838 p.
514 2785 615 2837 384,
633 2786 704 2827 21.

272 2969 276 2971 .
342 2934 379 2972 1.
413 2928 524 2986 καί]
555 2929 716 2974 insert.
747 2942 808 2972 m.
834 2942 923 2973 rec.
947 2928 979 2971 b
1004 2929 1206 2985 (comp.).
1309 2933 1352 2973 5.
1386 2923 1510 2972 ἐστίν
1541 2926 1651 2983 PV;
1684 2941 1835 2985 comp.
1867 2927 1915 2974 b.
