1956 3074
234 32 344 85 272
866 35 1204 78 ΣΤΟΙΧΕΙΩΝ
1234 31 1299 82 δ’.

346 150 408 219 ζ’.
465 150 685 209 Εὐθεῖα
724 156 802 218 εἰς
838 151 1047 208 κύκλον
1080 151 1484 226 ἐναρμόζεσθαι
1517 155 1748 225 λέγεται,
1790 153 1926 211 ὅταν

231 238 300 294 τὰ
346 241 555 314 πέρατα
601 239 773 312 αὐτῆς
818 241 906 296 ἐπὶ
953 244 1050 313 τῆς
1098 235 1522 315 περιφερείαςῇ
1564 246 1665 298 τοῦ
1702 242 1926 299 κύκλου.

1043 411 1077 442 α
1104 433 1115 444 .

343 479 463 543 Εἰς
500 475 616 532 τὸν
657 476 950 533 δοθέντα
987 476 1232 532 κύκλον
1271 480 1343 550 τῇ
1378 481 1657 551 δοθείσῃ
1696 477 1928 553 εὐθείᾳ

173 565 316 637 ὁμὴ
373 570 628 637 μείζονι
685 563 849 638 οὔσῃ
903 569 1014 637 τῆς
1074 569 1190 621 τοῦ
1259 565 1506 622 κύκλου
1569 567 1928 639 διαμέτρου

233 660 387 725 ἴσην
426 652 704 710 εὐθεῖαν
746 655 1126 726 ἐναρμόσαι.

329 741 511 798 ’Έστω
554 740 583 799 ὁ
626 743 820 809 δοθεὶς
857 742 1060 809 κύκλος
1100 741 1130 799 ὁ
1168 747 1349 814 ΑΒΓ,
1389 741 1423 815 ἡ
1465 743 1527 799 δὲ
1566 746 1802 799 δοθεῖσα
1842 740 1929 799 εὐ-

230 838 364 887 θεῖα
410 830 485 903 μὴ
536 836 737 903 μείζων
777 836 875 904 τῆς
912 836 1015 888 τοῦ
1053 831 1265 888 κύκλου
1305 833 1605 906 διαμέτρου
1643 830 1677 904 ἡ
1719 839 1789 888 A.
1843 836 1933 888 δεῖ

233 917 303 991 δὴ
350 923 429 987 εἰς
472 918 575 976 τὸν
614 926 788 978 ΑΒΓ
828 920 1036 978 κύκλον
1087 925 1153 995 τῇ
1197 928 1252 977 A
1291 919 1488 996 εὐθείᾳ
1528 928 1658 993 ἴσην
1697 919 1928 978 εὐθεῖαν

148 1026 202 1065 10
237 1009 553 1082 ἐναρμόσαι.

326 1095 525 1169 ’Ἠχθω
564 1101 665 1155 τοῦ
706 1104 882 1156 ΑΒΓ
911 1098 1122 1155 κύκλου
1161 1098 1454 1174 διάμετρος
1491 1098 1526 1172 ἡ
1566 1105 1683 1156 ΒΓ.
1738 1103 1789 1155 εἴ
1826 1099 1928 1172 μὲν

231 1179 336 1242 οὖν
393 1194 483 1259 ἴση
534 1188 685 1244 ἐστὶν
731 1185 766 1260 ἡ
807 1193 918 1244 ΒΓ
955 1191 1021 1262 τῇ
1064 1195 1145 1259 A,
1199 1187 1431 1260 γεγονὸς
1476 1185 1550 1244 ἂν
1590 1195 1673 1260 εἴη
1713 1187 1776 1244 τὸ
1818 1190 1927 1244 ἐπι-

229 1275 462 1347 ταχθέν·
520 1277 858 1349 ἐνήρμοσται
896 1275 1006 1349 γὰρ
1060 1281 1138 1343 εἰς
1179 1275 1276 1333 τὸν
1316 1282 1488 1333 ΑΒΓ
1518 1276 1728 1333 κύκλον
1766 1280 1832 1350 τῇ
1874 1284 1929 1332 A

230 1364 426 1439 εὐθείᾳ
473 1371 564 1436 ἴση
613 1363 647 1437 ἡ
687 1370 804 1422 ΒΓ.
883 1368 933 1421 εἰ
972 1364 1034 1421 δὲ
1072 1370 1273 1437 μείζων
1313 1364 1464 1420 ἐστὶν
1502 1362 1536 1436 ἡ
1578 1370 1690 1420 ΒΓ
1719 1369 1816 1437 τῆς
1858 1372 1929 1436 Δ,

149 1470 203 1510 15
233 1457 444 1508 κείσθω
484 1456 550 1526 τῇ
592 1460 647 1509 A
672 1460 763 1526 ἴση
804 1451 982 1525 ἡΓΕ,
1022 1453 1114 1508 καὶ
1153 1453 1363 1530 κέντρῳ
1402 1457 1478 1530 τῷ
1518 1457 1572 1509 Γ
1601 1453 1929 1526 διαστήματι

231 1541 293 1597 δὲ
331 1544 406 1618 τῷ
447 1545 557 1597 ΓΕ
590 1543 793 1608 κύκλος
830 1542 1138 1615 γεγράφθω
1181 1539 1210 1598 ὁ
1253 1549 1437 1615 ΕΑΖ,
1487 1542 1580 1598 καὶ
1620 1543 1927 1616 ἐπεζεύχθω

229 1627 263 1702 ἡ
308 1634 423 1687 ΓΑ.

336 1717 485 1775 Ἐπεὶ
541 1713 648 1776 οὖν
702 1741 765 1776 το
806 1725 860 1777 Γ
893 1730 1124 1792 σημεῖον
1172 1719 1405 1793 κέντρον
1453 1719 1567 1776 ἐστὶ
1613 1724 1715 1777 τοῦ
1762 1727 1928 1777 ΕΑΖ

227 1808 464 1880 κύκλου,
521 1816 611 1881 ἴση
664 1809 815 1864 ἐστὶν
857 1806 891 1880 ἡ
932 1814 1033 1864 ΓΑ
1071 1811 1137 1883 τῇ
1179 1815 1296 1866 ΓΕ.
1374 1807 1515 1864 om&
1554 1811 1615 1883 τῇ
1658 1816 1712 1864 A
1749 1807 1783 1881 ἡ
1824 1814 1932 1865 ΓΕ

141 1914 198 1955 20
232 1898 383 1954 ἐστιν
423 1904 544 1970 ἴση·
584 1897 676 1953 καὶ
716 1894 750 1969 ἡ
793 1904 848 1952 A
886 1895 996 1971 ἄρα
1034 1901 1100 1971 τῇ
1141 1903 1242 1954 ΓΑ
1281 1899 1431 1954 ἐστιν
1471 1904 1578 1970 ἴση.

341 1989 443 2052 Είς
495 1985 606 2060 ἄρα
659 1985 762 2043 τὸν
817 1986 1061 2042 δοθέντα
1106 1985 1318 2042 κύκλον
1367 1986 1468 2043 τὸν
1521 1991 1698 2042 ΑΒΓ
1726 1989 1791 2061 τῇ
1835 1989 1929 2043 δο-

230 2078 396 2147 θείσῃ
436 2072 634 2149 εὐθείᾳ
671 2077 737 2148 τῇ
779 2081 834 2129 A
873 2080 963 2145 ἴση
1006 2073 1343 2146 ἐνήρμοσται
1381 2072 1415 2146 ἡ
1456 2079 1585 2130 ΓΑ·
1634 2073 1770 2147 ὅπερ
1812 2079 1924 2132 ἔδει

231 2165 475 2234 ποιῆσαι.
1085 2236 1098 2254 Ι

142 2358 198 2398 25
345 2343 460 2406 Εἰς
521 2339 638 2396 τὸν
697 2339 985 2396 δοθέντα
1038 2339 1283 2397 κύκλον
1336 2343 1420 2418 τῷ
1462 2341 1736 2397 δοθέντι
1790 2363 1927 2414 τρι-

231 2426 416 2504 γώνῳ
459 2427 819 2498 ἰσογώνιον
857 2433 1188 2501 τρίγωνον
1228 2429 1569 2504 ἐγγράψαι.

351 2577 384 2621 Ι.
417 2577 607 2622 Boetius
639 2592 684 2634 p.
710 2581 811 2631 388,
829 2581 902 2622 23.
1024 2577 1079 2621 Π.
1113 2578 1304 2623 Boetius
1336 2593 1379 2635 p.
1407 2582 1508 2635 388,
1526 2582 1597 2623 26.

355 2714 392 2754 1.
429 2707 516 2767 εἰς]
550 2722 575 2753 e
607 2723 723 2755 corr.
754 2724 816 2755 m.
843 2716 869 2755 2
903 2711 953 2755 Ρ.
1099 2707 1467 2770 ἐναρμόζεσθαι]
1503 2707 1575 2756 ἐν·
1607 2725 1667 2756 m.
1693 2715 1719 2755 2
1751 2709 1807 2755 V.

235 2773 276 2814 2.
326 2763 404 2812 ἐπὶ
441 2769 525 2824 τῆς
562 2771 869 2827 περιφερείας
905 2762 936 2828 η’
976 2769 1061 2814 τοῦ
1091 2766 1290 2828 κύκλου]
1333 2769 1481 2827 PBp,
1513 2770 1556 2815 V
1586 2785 1681 2828 mg.
1712 2785 1773 2815 m.
1805 2783 1918 2824 rec.;

234 2823 472 2886 συμβάλλῃ
503 2828 559 2886 τῇ
591 2829 675 2873 τοῦ
708 2826 884 2874 κύκλου
915 2830 1198 2890 περιφερείᾳ
1228 2828 1278 2885 F,
1310 2829 1352 2874 V
1375 2844 1435 2875 m.
1463 2835 1504 2875 1.
1626 2833 1667 2874 8.
1702 2825 1784 2888 μή]
1818 2825 1847 2886 ἡ
1882 2833 1924 2874 A
