1956 3074
206 139 312 191 148
837 137 1174 182 mommsen
1206 133 1269 195 β’.

204 255 238 328 ἡ
280 262 408 327 ΓΕ,
463 257 555 312 καὶ
603 261 813 312 κείσθω
867 262 958 327 ἴση
1009 256 1238 330 ἑκατέρᾳ
1283 257 1398 310 τῶν
1438 259 1576 325 ΑΓ,
1632 259 1760 323 ΓΒ,
1815 254 1906 308 καὶ

207 345 628 417 ἐπεζεύχθωσαν
677 347 739 400 αἱ
783 351 917 415 ΕΑ,
973 350 1111 399 ΕΒ·
1180 344 1272 399 καὶ
1322 341 1416 398 διὰ
1462 343 1564 413 μὲν
1611 346 1711 398 τοῖ-
1754 349 1806 397 Ε
1840 345 1906 414 τῇ

206 441 325 489 AA
370 433 722 505 παράλληλος
773 432 933 504 ἤχθω
972 430 1007 503 ἡ
1051 439 1180 502 ΕΖ,
1229 430 1323 487 διὰ
1364 431 1426 487 δὲ
1464 435 1564 487 τοί
1607 438 1663 486 A
1699 434 1766 503 τῇ
1805 435 1914 485 ΓΕ

205 522 558 595 παράλληλος
603 521 764 594 ἤχθω
812 519 846 592 ἡ
898 528 1024 576 ΖΔ.
1100 521 1193 575 καὶ
1241 521 1357 576 ἐπεὶ
1405 524 1483 586 εἰς
1521 519 1910 591 παραλλήλους

149 627 175 666 5
210 610 436 677 εὐθείας
474 609 572 675 τὰς
611 614 740 680 ΕΓ,
789 615 899 663 ZA
939 606 1136 664 εὐθεῖά
1176 630 1259 674 τις
1299 610 1555 665 ἐνέπεσεν
1594 606 1628 679 ἡ
1670 614 1801 678 ΕΖ,
1853 610 1915 662 αἱ

206 698 316 755 ὑπὸ
366 705 550 770 ΓΕΖ,
607 704 777 754 ΕΖΔ
823 696 934 769 ἄρα
981 698 1148 753 δυσὶν
1197 696 1400 770 ὀρθαῖς
1446 704 1561 752 ἴσαι
1610 700 1782 752 εἰσίν·
1853 698 1916 751 αῖ

208 786 317 859 ἄρα
355 785 464 844 ὑπὸ
493 793 680 858 ΖΕΒ,
724 792 892 843 ΕΖΔ
917 785 1021 842 δύο
1063 784 1263 858 ὀρθῶν
1302 786 1600 850 ἐλάσσονές
1640 787 1805 840 εἰσιν·
1854 787 1916 839 αἱ

211 874 273 931 δὲ
313 873 408 929 ἀπ’
453 872 845 946 ἐλασσόνωνῆ
888 874 995 930 δύο
1037 873 1233 946 ὀρθῶν
1273 873 1674 945 ἐκβαλλόμεναι
1714 877 1912 944 συμπί-

211 980 476 1019 πτουσιν·
517 967 579 1019 αῖ
615 963 724 1037 ἄρα
765 970 888 1035 ΕΒ,
930 971 1040 1019 ZA
1080 963 1479 1034 ἐκβαλλόμεναι
1521 963 1608 1019 ἐπὶ
1646 961 1715 1017 τὰ
1751 968 1816 1032 Β,
1859 968 1913 1016 A

124 1070 178 1110 10
211 1054 348 1125 μέρη
390 1057 823 1125 συμπεσοῦνται.
894 1051 1365 1124 ἐκβεβλήσθωσαν
1406 1052 1499 1107 καὶ
1539 1051 1914 1124 συμπιπτέτω-

215 1160 322 1198 σαν
362 1142 500 1197 κατὰ
541 1144 603 1199 τὸ
645 1149 728 1213 Η,
767 1142 860 1198 καὶ
900 1141 1213 1213 ἐπεζεύχθω
1253 1138 1287 1211 ῆ
1329 1147 1383 1196 A
1396 1146 1463 1195 H.
1535 1141 1627 1196 καὶ
1668 1139 1783 1196 ἐπεὶ
1823 1146 1913 1209 ἴση

212 1231 364 1287 ἐστὶν
402 1229 436 1302 ἡ
475 1236 588 1286 ΑΓ
610 1235 676 1304 τῇ
710 1235 841 1301 ΓΕ,
897 1237 988 1301 ἴση
1030 1229 1144 1285 ἐστὶ
1183 1229 1276 1284 καὶ
1317 1233 1494 1299 γωνία
1533 1226 1567 1300 ἡ
1608 1226 1716 1283 ὑπὸ
1752 1231 1924 1282 ΕΑΓ

211 1323 275 1393 τῇ
315 1318 424 1375 ὑπὸ
467 1325 659 1375 ΑΕΓ·
721 1320 814 1374 καὶ
855 1317 1006 1390 ὀρθὴ
1047 1316 1081 1389 ἡ
1123 1315 1261 1389 πρὸς
1299 1320 1374 1393 τῷ
1415 1322 1490 1372 Γ·
1544 1314 1767 1388 ἡμίσεια
1806 1315 1916 1386 ἄρα

214 1407 394 1479 ὀρθῆς
429 1409 623 1477 [ἐστιν]
666 1408 895 1477 ἑκατέρα
933 1409 1048 1463 τῶν
1087 1403 1197 1461 ὑπὸ
1240 1410 1436 1475 ΕΑΓ,
1476 1409 1654 1460 ΑΕΓ.
1719 1402 1812 1459 διὰ
1850 1401 1915 1457 τὰ

127 1514 180 1553 15
214 1495 356 1552 αὐτὰ
405 1495 473 1568 δὴ
522 1498 614 1552 καὶ
662 1497 893 1566 ἑκατέρα
931 1498 1044 1550 τῶν
1093 1492 1204 1550 ὑπὸ
1245 1499 1432 1564 ΓΕΒ,
1489 1498 1655 1549 ΕΒΓ
1695 1491 1916 1565 ἡμίσειά

215 1589 365 1642 ἐστιν
406 1584 607 1657 ὀρθῆς·
649 1583 797 1657 ὀρθὴ
839 1583 949 1655 ἄρα
989 1584 1141 1640 ἐστὶν
1180 1580 1214 1655 ἡ
1256 1580 1368 1639 ὑπὸ
1410 1587 1592 1637 ΑΕΒ.
1670 1580 1762 1636 καὶ
1803 1580 1918 1637 ἐπεὶ

216 1672 438 1746 ἡμίσεια
479 1672 658 1746 ὀρθῆς
698 1675 850 1729 ἐστιν
890 1669 923 1743 ἡ
965 1669 1075 1728 ὑπὸ
1110 1676 1290 1742 ΕΒΓ,
1329 1669 1552 1743 ἡμίσεια
1592 1668 1702 1742 ἄρα
1742 1667 1921 1741 ὀρθῆς

215 1763 306 1818 καὶ
354 1760 388 1834 ἡ
436 1761 548 1819 ὑπὸ
592 1767 783 1817 ABH.
861 1765 976 1816 ἔστι
1024 1759 1087 1816 δὲ
1133 1760 1226 1815 καὶ
1270 1757 1304 1831 ἡ
1360 1756 1470 1815 ὑπὸ
1511 1764 1694 1813 ΒΔΗ
1744 1756 1921 1829 ὀρθή·

218 1859 309 1923 ἴση
349 1851 458 1923 γάρ
499 1853 613 1907 ἐστι
653 1854 717 1924 τῇ
758 1847 868 1906 ὑπὸ
912 1854 1108 1905 ΔΓΕ·
1142 1847 1377 1914 ἐναλλὰξ
1416 1846 1554 1918 γάρ·
1605 1844 1769 1917 λοιπὴ
1811 1844 1921 1918 ἄρα

130 1959 187 1998 20
220 1938 254 2010 ἡ
293 1938 403 1996 ὑπὸ
443 1946 616 1995 ΔΗΒ
655 1937 879 2010 τ’μίσειᾶ
914 1940 1065 1994 ἐστιν
1105 1935 1314 2009 ὀρθῆς·
1358 1933 1392 2008 ἡ
1435 1934 1546 2008 ἄρα
1584 1933 1696 1991 ὑπὸ
1740 1941 1919 1990 AHB

219 2032 285 2102 τῇ
339 2026 451 2084 ὑπὸ
501 2034 676 2083 ΔΒΗ
733 2029 883 2083 ἐστιν
931 2034 1054 2098 ἴση·
1125 2024 1265 2082 ὥστε
1310 2025 1404 2081 καὶ
1452 2022 1663 2096 πλευρὰ
1718 2021 1751 2094 ἡ
1805 2029 1922 2078 ΒΔ

220 2120 432 2189 πλευρᾷ
480 2121 545 2190 τῇ
586 2122 708 2171 HA
749 2118 899 2171 ἐστιν
943 2122 1051 2187 ἴση.
1128 2115 1322 2186 πάλιν,
1371 2114 1486 2170 ἐπεὶ
1526 2110 1560 2184 ἡ
1601 2110 1710 2168 ὑπὸ
1753 2118 1922 2168 ΕΗΖ

222 2203 446 2277 ἡμίσειά
487 2208 638 2261 ἐστιν
679 2203 875 2276 ὀρθῆς,
918 2202 1068 2277 ὀρθὴ
1110 2203 1171 2260 δὲ
1209 2201 1244 2275 ἡ
1285 2202 1425 2275 πρὸς
1463 2206 1539 2279 τῷ
1575 2207 1647 2256 Ζ·
1689 2208 1780 2273 ἴση
1813 2201 1922 2274 γάρ

226 2298 338 2351 ἐστι
376 2298 442 2367 τῇ
484 2292 820 2350 ἀπεναντίον
867 2295 932 2366 τῇ
973 2290 1112 2364 πρὸς
1150 2295 1226 2369 τῷ
1264 2297 1337 2347 Γ·
1377 2289 1546 2362 λοιπὴ
1587 2289 1698 2362 ἄρα
1736 2287 1771 2361 ἡ
1811 2287 1920 2346 ὑπὸ

138 2401 194 2441 25
230 2389 400 2438 ZEH
449 2380 672 2454 ῆμίσειά
729 2384 879 2438 ἐστιν
928 2379 1136 2452 ὀρθῆς·
1209 2386 1300 2451 ἴση
1356 2378 1467 2451 ἄρα
1513 2376 1547 2450 ἡ
1597 2376 1705 2435 ὑπὸ
1754 2385 1922 2435 ΕΗΖ

225 2477 404 2544 γωνία
441 2474 506 2543 τῇ
547 2468 657 2526 ὑπὸ
702 2475 899 2525 ΖΕΗ·
940 2467 1081 2525 ὥστε
1120 2469 1213 2524 καὶ
1246 2466 1458 2541 πλευρὰ
1498 2465 1531 2522 ’ἱ
1567 2473 1678 2522 ΗΖ
1711 2470 1923 2540 πλευρᾷ

348 2641 389 2680 3.
424 2635 505 2678 τοῦ
542 2639 583 2677 A
615 2633 669 2691 τῇ
706 2634 814 2691 ΓΕ]
849 2633 931 2677 τοῦ
966 2638 1008 2676 A
1044 2634 1133 2676 ΓΕ
1166 2649 1216 2687 φ.
1372 2631 1483 2689 ΓΕ]
1520 2633 1610 2674 ΓΕ
1640 2628 1782 2675 πάλιν
1814 2630 1863 2675 Ρ.

229 2700 270 2740 4.
306 2694 413 2752 ZA]
445 2693 552 2747 PF;
587 2695 675 2737 AZ
705 2693 848 2750 BVp.
988 2697 1028 2737 5.
1063 2693 1169 2748 ΕΓ,
1204 2691 1310 2749 ZA]
1346 2689 1394 2734 in
1426 2703 1514 2735 ras.
1533 2690 1588 2744 V,
1623 2691 1726 2747 ΓΕ,
1759 2693 1847 2734 ΔΖ
1879 2704 1923 2746 p.

291 2759 330 2799 7.
367 2754 517 2808 ZEB]
548 2753 598 2796 in
628 2766 720 2796 raS.
752 2757 859 2796 m.2
891 2751 941 2795 F.
1049 2751 1207 2809 ΕΖΔ]
1242 2754 1285 2794 Δ
1315 2749 1365 2793 in
1396 2763 1484 2794 ras.
1517 2748 1572 2794 V.
1682 2745 1926 2798 ἐλάττονες

230 2828 276 2868 p.
397 2816 438 2856 8.
472 2807 580 2870 ἀπ’]
615 2812 725 2865 PV;
758 2807 854 2855 ἀπό
886 2809 1021 2867 BFp.
1148 2813 1218 2853 12.
1253 2806 1378 2854 ἐστίν
1402 2809 1502 2853 PV.
1627 2808 1794 2866 ΕΑΓ]
1827 2806 1925 2862 ΡΒ,

229 2871 280 2915 in
311 2885 399 2916 ras.
431 2871 495 2925 V;
528 2873 672 2915 ΑΕΓ
696 2886 752 2927 p,
784 2870 834 2914 in
863 2883 952 2914 ras.
984 2870 1034 2913 F.
1219 2873 1289 2913 13.
1321 2868 1486 2926 ΑΕΓ]
1522 2868 1630 2924 ΡΒ,
1661 2867 1711 2911 in
1742 2880 1826 2913 rae.
1861 2866 1925 2920 V;

232 2932 375 2974 ΕΑΓ
401 2929 489 2987 Fp.
630 2935 698 2974 14.
734 2926 877 2987 ἐστίν]
914 2943 1003 2973 om.
1037 2928 1086 2983 P,
1127 2942 1267 2985 supra
1297 2927 1346 2971 F.
1472 2932 1539 2971 16.
1574 2927 1726 2984 ΑΕΒ]
1761 2929 1846 2970 ΕΒ
1879 2926 1928 2969 et
