1956 3074
197 129 301 182 178
833 132 1172 175 ΣΤοΙΧΕῙῼΝ
1201 129 1267 188 γ’.

304 247 432 303 Δύο
464 245 572 321 γὰρ
603 248 802 305 κύκλοι
833 251 894 304 οἱ
913 253 1096 319 ΑΒΓ,
1128 253 1232 304 ΓΔ
1242 256 1294 305 Ε
1322 251 1766 322 ἐφαπτέσθωσαν
1799 251 1892 308 ἆλ-

190 334 378 407 λήλων
415 335 555 392 κατὰ
593 334 657 393 τὸ
678 341 733 392 Γ
764 347 1024 408 σημεῖον·
1061 337 1224 410 λέγω,
1265 336 1351 394 ὅτι
1383 337 1487 395 οὐκ
1518 343 1671 395 ἔσται
1702 337 1892 396 αὐτῶν

189 422 252 480 τὸ
294 422 431 480 αὐτὸ
471 426 722 499 κέντρον.
792 452 794 454 ’

305 516 379 567 Εἰ
414 511 523 585 γὰρ
557 512 822 583 δυνατόν,
862 517 1001 569 ἔστω
1032 514 1095 568 τὸ
1124 520 1188 582 Ζ,
1226 514 1319 569 καὶ
1359 515 1670 587 ἐπεζεύχθω
1703 515 1737 588 ἡ
1772 523 1891 587 ΖΓ,

137 611 163 652 5
194 601 289 657 καὶ
330 601 569 674 διήχθω,
610 599 686 667 ὥς
725 605 935 673 ἔτυχεν,
975 598 1010 672 ἡ
1052 607 1229 656 ΖΕΒ.

101 1055 157 1094 10

102 1594 156 1635 15

96 2038 155 2079 20

99 2463 170 2522 25'

298 687 447 745 Ἐπεὶ
495 683 602 746 οὗν
649 689 713 746 τὸ
763 696 809 745 Ζ
856 701 1090 761 σημεῖον
1134 691 1370 763 κέντρον
1418 691 1534 747 ἐστὶ
1580 697 1680 748 τοῦ
1728 699 1902 750 ΑΒΓ

188 779 419 851 κύκλου,
461 787 552 850 ἴση
595 779 747 835 ἐστὶν
786 776 820 851 ἡ
856 784 964 834 ΖΓ
993 782 1060 851 τῇ
1094 785 1211 835 ΖΒ.
1249 779 1437 852 πάλιν,
1478 781 1594 837 ἐπεὶ
1624 780 1688 837 τὸ
1721 788 1766 837 Ζ
1798 799 1893 854 ση-

190 878 351 939 μεῖον
389 868 624 941 κέντρον
664 868 779 923 ἐστὶ
813 870 916 923 τοῦ
947 872 1115 923 ΓΔΕ
1140 867 1369 939 κύκλου,
1411 875 1503 939 ἴση
1537 870 1689 925 ἐστὶν
1720 868 1754 941 ἡ
1792 876 1901 926 ΖΓ

189 959 256 1028 τῇ
297 962 416 1012 ΖΕ.
457 959 683 1029 ἐδείχθη
726 957 787 1012 δὲ
826 954 861 1028 ἡ
903 962 1010 1012 ΖΓ
1041 960 1105 1029 τῇ
1147 963 1249 1012 ΖΒ
1288 964 1408 1029 ἴση·
1448 957 1542 1012 καὶ
1580 956 1614 1029 ἡ
1648 965 1755 1014 ΖΕ
1782 957 1893 1031 ἄρα

189 1048 254 1118 τῇ
296 1051 398 1101 ΖΒ
447 1047 597 1101 ἐστιν
637 1053 750 1117 ἴση,
804 1044 838 1117 ἡ
881 1045 1123 1102 ἐλάττων
1169 1049 1234 1119 τῇ
1276 1052 1508 1118 μείζονι·
1557 1045 1692 1119 ὅπερ
1740 1048 1892 1103 ἐστὶν

189 1131 494 1190 ἀδύνατον.
571 1133 676 1191 οὐκ
722 1133 832 1208 ἄρα
881 1134 945 1191 τὸ
986 1142 1030 1190 Ζ
1078 1146 1311 1206 σημεῖον
1350 1138 1586 1209 κέντρον
1626 1136 1740 1191 ἐστὶ
1777 1139 1893 1191 τῶν

189 1228 373 1293 ΑΒΓ,
408 1228 575 1279 ΓΔΕ
607 1223 845 1280 κύκλων.

297 1310 430 1368 Ἐὰν
484 1311 594 1384 ἄρα
641 1312 747 1369 δύο
794 1312 992 1369 κύκλοι
1039 1312 1394 1384 ἐφάπτωνται
1448 1311 1733 1385 ἀλλήλων,
1790 1311 1892 1368 οὐκ

191 1404 345 1456 ἔσται
385 1398 574 1457 αὐτῶν
613 1399 676 1456 τὸ
717 1399 853 1457 αὐτὸ
893 1402 1152 1474 κέντρον·
1193 1399 1328 1474 ὅπερ
1368 1405 1482 1457 ἔδει
1522 1403 1710 1468 δεῖξαι.

294 1666 439 1725 Ἐὰν
477 1668 724 1724 κύκλου
754 1668 857 1724 ἐπὶ
889 1671 1003 1740 τῆς
1035 1669 1398 1741 διαμέτρου
1428 1670 1655 1740 ληφθῇ
1685 1689 1745 1722 τι
1778 1682 1890 1738 ση-

187 1768 406 1829 μεῖον,
466 1753 495 1813 ὃ
543 1756 626 1830 μή
675 1758 812 1813 ἐστι
851 1758 1130 1831 κέντρον
1169 1759 1286 1813 τοῦ
1325 1755 1599 1827 κύκλου,
1653 1753 1775 1812 ἀπὸ
1819 1755 1890 1812 δὲ

186 1849 306 1902 τοῦ
358 1850 637 1918 σημείου
697 1844 859 1919 πρὸς
919 1845 1034 1902 τὸν
1087 1846 1324 1902 κύκλον
1385 1850 1890 1918 προσπίπτωσιν

187 1932 707 2010 εὐθεῖα-ίζτινες,
771 1939 1043 2007 μεγίστη
1098 1934 1215 2006 μὲν
1265 1938 1472 2003 ἔσται,
1536 1931 1633 2005 ἐφ’
1685 1926 1759 2005 ἦς
1815 1933 1886 1989 τὸ

185 2024 489 2096 κέντρον,
542 2026 849 2096 ἐλαχίστη
899 2023 967 2079 δὲ
1014 2021 1048 2095 ἡ
1096 2021 1318 2095 λοιπή,
1373 2025 1501 2078 τῶν
1550 2021 1619 2078 δὲ
1667 2020 1888 2078 ἄλλων

187 2109 289 2168 ἀεὶ
328 2110 363 2184 ἡ
404 2117 629 2184 ἔγγιον
667 2116 780 2184 τῆς
812 2111 921 2168 διὰ
954 2114 1070 2168 τοῦ
1101 2112 1384 2184 κέντρου
1409 2114 1518 2182 τῆς
1543 2108 1887 2184 ἀπώτερον

187 2205 425 2273 μείζων
480 2203 683 2271 ἐστίν,
732 2200 852 2256 δύο
902 2200 972 2256 δὲ
1019 2199 1227 2272 μόνον
1279 2207 1416 2255 ἴσαι
1458 2197 1579 2255 ἀπὸ
1620 2203 1736 2255 τοῦ
1777 2216 1887 2270 ση-

187 2295 378 2362 μείου
417 2293 955 2364 προσπεσοῦνται
994 2288 1156 2362 πρός
1193 2290 1308 2345 τὸν
1340 2287 1586 2344 κύκλον
1619 2287 1715 2359 ἐφ’
1746 2287 1886 2343 ἑκά-

186 2400 340 2451 τερα
378 2383 491 2450 τῆς
531 2380 895 2451 ἐλαχίστης.

285 2467 467 2524 ’,Ἐστω
507 2467 710 2533 κύκλος
749 2465 779 2523 ὁ
820 2472 1060 2537 ΑΒΓΔ,
1103 2465 1397 2539 διάμετρος
1436 2465 1499 2521 δὲ
1538 2463 1714 2521 αὐτοῦ
1746 2469 1884 2521 ἔστω

187 2555 221 2629 ἡ
263 2564 408 2628 ΑΔ,
447 2557 540 2613 καὶ
580 2557 668 2613 ἐπὶ
699 2560 797 2628 τῆς
836 2563 953 2611 ΑΛ
993 2555 1248 2627 εἰλήφθω
1282 2577 1334 2610 τι
1375 2565 1606 2626 σημεῖον
1644 2552 1708 2610 τὸ
1749 2560 1812 2623 Ζ,
1853 2553 1883 2609 ὃ

188 2645 262 2718 μή
312 2648 427 2702 ἐστι
472 2647 707 2719 κέντρον
754 2647 856 2701 τοῦ
894 2644 1120 2716 κύκλου,
1158 2645 1392 2716 κέντρον
1433 2642 1495 2699 δὲ
1533 2646 1635 2698 τοῦ
1673 2642 1885 2698 κύκλου

310 2814 348 2854 1.
382 2805 701 2853 ἁπτέσθωσαν
733 2808 770 2852 Ρ
803 2808 851 2853 et
881 2807 916 2851 F
949 2821 1010 2851 m.
1038 2812 1060 2850 1
1096 2808 1230 2864 (corr.
1254 2807 1394 2862 m.2).
1496 2810 1536 2849 2.
1571 2803 1721 2863 ἔσται]
1757 2802 1884 2849 ἔστιν

187 2867 285 2925 Vp.
410 2874 450 2913 6.
485 2865 610 2913 ἐστίν
644 2867 695 2911 V.
820 2873 860 2912 7.
896 2866 999 2925 ΖΒ]
1032 2868 1116 2909 ΒΖ
1144 2865 1192 2909 Ρ.
1317 2862 1461 2909 πάλιν
1487 2890 1541 2897 -
1568 2869 1609 2909 8.
1637 2863 1802 2923 ΓΔΕ]
1833 2864 1883 2907 in

188 2941 278 2973 ras.
311 2943 355 2985 p.
480 2931 520 2972 8.
556 2924 682 2972 ἐστίν
714 2927 768 2971 V.
907 2931 948 2972 9.
982 2923 1035 2970 δὲ
1068 2926 1155 2969 καί
1179 2939 1211 2981 p
1243 2925 1293 2969 et
1321 2925 1358 2968 F
1389 2939 1449 2968 m.
1477 2929 1518 2970 2.
1644 2927 1712 2968 10.
1747 2919 1882 2968 ἐλάσ-
