1956 3074
248 59 316 111 76
876 60 1215 102 ΣΤΟΙΧΕΙΩΝ
1246 76 1276 102 α
1286 55 1313 104 ’.

356 177 636 248 Εἰλήφθω
688 175 778 232 ἐπὶ
819 181 918 249 τῆς
956 182 1066 232 ΒΓ
1106 174 1278 248 τυχὸν
1330 174 1561 247 σημεῖον
1609 174 1671 231 τὸ
1714 183 1793 247 Δ,
1846 176 1953 233 καὶ

245 263 555 337 ἐπεζεύχθω
596 263 629 336 ἡ
657 272 773 320 ΑΔ
791 283 802 294 ·
840 266 932 320 καὶ
974 264 1290 320 συνεστάτω
1331 263 1470 337 πρὸς
1498 267 1565 338 τῇ
1597 271 1652 318 A
1661 273 1713 320 A
1744 264 1941 341 εὐθείᾳ

243 354 336 409 καὶ
374 359 450 429 τῷ
490 353 630 426 πρὸς
668 352 807 426 αὐτῇ
849 359 1056 430 σημείῳ
1096 357 1172 430 τῷ
1213 362 1266 408 A
1303 357 1368 426 τῇ
1409 351 1518 409 ὑπὸ
1554 361 1605 408 A
1617 359 1732 409 ΔΓ
1763 360 1941 430 γωνίᾳ

247 449 338 514 ἴση
389 440 422 513 ἡ
476 440 585 497 ὑπὸ
639 448 843 497 ΔΑΕ·
894 442 987 496 καὶ
1038 439 1401 513 ἐκβεβλήσθω
1454 440 1538 498 ἐπ’
1595 441 1823 508 εὐθείας
1873 447 1939 516 τῇ

190 540 216 580 5
249 537 359 586 EA
399 528 593 586 εὐθεῖα
633 528 666 601 ἡ
708 536 830 585 ΑΖ.

361 619 474 673 Καὶ
515 619 631 674 ἐπεὶ
671 621 749 683 εἰς
789 617 894 673 δύο
935 617 1160 685 εὐθείας
1195 618 1292 684 τὰς
1323 624 1444 689 ΒΓ,
1484 625 1588 674 ΕΖ
1622 617 1943 692 εὐθεῖαςέμ-

246 711 525 763 πίπτουσα
570 705 604 778 ἡ
647 714 765 763 ΑΔ
793 706 893 772 τὰς
940 707 1176 774 ἐναλλὰξ
1214 712 1424 779 γωνίας
1461 706 1557 774 τὰς
1595 705 1706 763 ὑπὸ
1746 715 1942 781 ΕΑΔ,

247 803 300 851 Α
311 802 366 850 Δ
376 801 429 851 Γ
461 803 584 860 ἴσας
615 793 879 867 ἀλλήλαις
909 801 1226 867 πεποίηκεν,
1267 796 1621 870 παράλληλος
1651 795 1761 870 ἄρα
1793 799 1944 854 ἐστὶν

247 882 282 956 ἡ
323 890 487 940 ΕΑΖ
530 888 596 957 τῇ
637 889 755 939 ΒΓ.

160 981 216 1021 10
363 971 481 1028 Διὰ
520 976 622 1028 τοῦ
663 974 935 1039 δοθέντος
973 972 1084 1045 ἄρα
1124 979 1358 1045 σημείου
1395 978 1498 1030 τοῦ
1525 982 1578 1029 Α
1609 978 1674 1047 τῇ
1709 978 1943 1050 δοθείσῃ

248 1061 448 1137 εὐθείᾳ
502 1065 569 1135 τῇ
619 1067 730 1117 ΒΓ
776 1061 1130 1134 παράλληλος
1182 1060 1378 1118 εὐθεῖα
1427 1062 1651 1136 γραμμὴ
1701 1057 1861 1135 ἦκται
1908 1062 1944 1136 ἡ

250 1157 444 1207 ΕΑΖ·
486 1149 622 1222 ὅπερ
663 1154 775 1206 ἔδει
813 1154 1061 1222 ποιῆσαι.

1036 1312 1158 1383 λβ’.

360 1416 626 1483 Παντὸς
671 1416 1005 1490 τριγώνου
1048 1420 1201 1488 μιᾶς
1237 1421 1368 1473 τῶν
1406 1421 1709 1491 πλευρῶν
1749 1437 1946 1491 προσ-

162 1520 216 1560 15
250 1509 695 1576 εκβληθείσης
756 1502 790 1576 ἡ
847 1504 1035 1571 ἐκτὸς
1088 1510 1298 1576 γωνία
1354 1505 1507 1561 δυσὶ
1561 1517 1704 1573 ταῖς
1761 1507 1948 1575 ἐντὸς

247 1594 356 1649 καὶ
411 1590 819 1649 ἀπεναντίον
875 1600 982 1664 ἴση
1039 1595 1247 1665 ἐστίν,
1302 1594 1417 1650 καὶ
1472 1597 1543 1649 αἰ
1594 1593 1777 1662 ἐντὸς
1829 1600 1947 1652 τοῦ

247 1681 582 1755 τριγώνου
611 1672 790 1753 τρεῖς
819 1685 1060 1752 γωνίαι
1095 1681 1296 1738 δυσὶν
1330 1679 1570 1753 ὀρθαῖς
1595 1691 1731 1739 ἴσαι
1757 1687 1946 1741 εἰσίν.

345 1769 528 1827 ’Ἑστω
582 1774 861 1843 τρίγωνον
915 1768 977 1826 τὸ
1034 1774 1218 1839 ΑΒΓ,
1279 1771 1373 1826 καὶ
1435 1772 1942 1844 προσεκβεβλήσθω

250 1859 425 1916 αὐτοῦ
466 1864 564 1931 μία
603 1857 815 1930 πλευρὰ
854 1856 1024 1930 ἡΒΓ
1056 1859 1144 1915 ἐπὶ
1182 1858 1246 1915 τὸ
1273 1867 1349 1915 Δ·
1389 1861 1550 1932 λέγω,
1592 1859 1677 1916 ὅτι
1718 1859 1751 1932 ἡ
1795 1860 1949 1928 ἐκτὸς

162 1963 220 2003 20
253 1952 432 2021 γωνία
471 1945 506 2018 ἡ
546 1945 656 2002 ὑπὸ
699 1951 864 2002 ΑΓΔ
904 1954 995 2018 ἴση
1037 1947 1151 2003 ἐστὶ
1193 1948 1323 2003 δυσὶ
1361 1959 1482 2014 ταῖς
1522 1947 1679 2015 ἐντὸς
1717 1951 1809 2004 καὶ
1848 1948 1948 2005 ἄπ-

250 2041 510 2094 εναντίον
549 2046 670 2100 ταῖς
707 2031 816 2090 ὑπὸ
851 2039 1025 2105 ΓΑΒ,
1066 2040 1247 2106 ΑΒΓ,
1280 2036 1373 2092 καὶ
1414 2039 1476 2092 αἱ
1512 2035 1668 2103 ἐντὸς
1702 2041 1804 2093 τοῦ
1836 2060 1949 2108 τρι-

249 2125 440 2198 γώνου
485 2135 633 2196 τρεῖς
671 2127 872 2194 γωνίαι
920 2125 982 2178 αἱ
1016 2121 1127 2179 ὑπὸ
1161 2129 1344 2196 ΑΒΓ,
1384 2130 1561 2197 ΒΓΑ,
1601 2131 1756 2182 ΓΑΒ
1782 2126 1949 2182 δυσὶν

251 2213 454 2287 ὀρθαῖς
494 2220 610 2268 ἴσαι
649 2215 808 2269 εἰσίν.

347 2300 547 2374 ”Ηχθω
601 2298 707 2371 γὰρ
764 2298 858 2355 διὰ
914 2304 1018 2356 τοῦ
1073 2306 1126 2356 Γ
1174 2306 1408 2373 σημείου
1462 2305 1530 2376 τῇ
1587 2309 1695 2359 ΑΒ
1753 2300 1949 2378 εὐθείᾳ

166 2405 222 2445 25
254 2390 608 2464 παράλληλος
645 2387 679 2460 ἡ
720 2394 839 2444 ΓΕ.

368 2538 553 2583 XXXII.
586 2536 941 2595 ΑΙΘΧ.ΑΡ1]ι·οᾱ.
967 2537 1018 2582 in
1039 2539 1136 2594 top.
1162 2553 1206 2595 p.
1231 2543 1298 2583 11.
1334 2537 1541 2595 Simplic.
1561 2537 1611 2581 in
1627 2539 1762 2597 phys,
1782 2539 1862 2586 fol.
1881 2546 1948 2586 14.

249 2598 432 2656 Philop.
465 2598 516 2642 in
547 2597 668 2641 anal.
702 2595 745 2640 ΙΙ
775 2611 820 2654 p.
846 2601 916 2642 65.
978 2596 1160 2642 Psellus
1192 2613 1237 2654 p.
1270 2602 1342 2643 40.
1406 2597 1595 2643 Boetius
1626 2613 1672 2655 p.
1698 2602 1800 2656 383,
1818 2604 1859 2644 8.

371 2738 413 2778 3.
445 2727 590 2790 αὐτῇ]
625 2727 776 2786 αὐτήν
807 2730 858 2775 F.
982 2730 1069 2788 τῷ]
1103 2744 1244 2787 supra
1274 2745 1335 2774 m.
1364 2735 1386 2774 1
1421 2730 1470 2776 P.
1593 2735 1634 2775 4.
1667 2731 1743 2789 τῇ]
1777 2730 1834 2784 Βς
1867 2731 1950 2788 τῆς

251 2791 410 2849 uulgo.
564 2796 603 2834 5.
639 2790 747 2848 EA]
781 2789 831 2833 in
861 2802 948 2834 ras.
981 2789 1037 2834 V.
1191 2793 1231 2835 6.
1264 2788 1377 2847 ΒΓ]
1413 2803 1529 2834 corr.
1563 2803 1619 2834 ex
1652 2792 1736 2833 ΓΒ
1767 2789 1830 2844 V3
1865 2793 1949 2834 ΓΒ

250 2850 383 2907 Bbp.
490 2855 530 2894 7.
563 2846 679 2907 ὑπό]
713 2863 806 2905 mg.
838 2863 898 2894 m.
931 2862 1022 2893 rec.
1055 2849 1113 2903 P;
1147 2863 1287 2905 supra
1317 2864 1377 2894 m.
1397 2854 1422 2892 2
1454 2849 1504 2893 F.
1596 2852 1638 2893 8.
1671 2845 1874 2907 ἀλλήλας
1906 2849 1948 2895 b.
