1956 3074
872 470 918 531 I.

668 613 1128 668 DefinitioneS.

153 721 194 774 Ι.
250 720 517 773 Punctum
558 722 655 788 est,
695 719 845 772 cuius
885 735 1011 788 pars
1049 716 1201 770 nulla
1241 717 1336 769 est.

155 807 230 862 Π.
283 808 450 861 Linea
492 811 672 861 autem
714 807 827 860 sine
866 806 1153 860 latitudine
1193 804 1493 875 longitudo.

153 897 251 951 III.
306 896 505 950 Lineae
546 899 727 950 autem
768 898 1009 950 extrema
1047 897 1263 964 puncta.

151 986 244 1040 IV.
299 985 472 1039 Recta
510 986 655 1040 linea
687 988 791 1056 est,
835 1002 1186 1056 quaecunque
1219 1001 1283 1037 ex
1316 1001 1487 1053 aequo
1521 983 1738 1053 punctis

38 1078 96 1130 in
135 1094 199 1130 ea
238 1076 358 1130 sitis
396 1077 552 1129 iacet.

150 1165 219 1219 V.
275 1163 595 1235 Superficies
653 1166 831 1217 autem
886 1166 992 1232 est,
1046 1162 1191 1232 quod
1236 1161 1636 1233 longitudinem
1685 1165 1740 1216 et

41 1254 387 1308 latitudinem
427 1254 606 1307 solum
643 1253 824 1307 habet.

153 1342 246 1396 VI.
304 1340 617 1411 Superficiei
657 1345 835 1396 autem
877 1345 1119 1395 extrema
1156 1340 1332 1394 lineae
1372 1343 1514 1395 sunt.

153 1431 277 1486 VII.
330 1431 505 1484 Plana
552 1432 860 1501 superficies
908 1433 1010 1501 est,
1058 1447 1409 1500 quaecunque
1458 1449 1522 1484 ex
1564 1442 1737 1502 aequo

45 1521 208 1575 rectis
247 1522 305 1573 in
342 1538 406 1573 ea
445 1521 562 1573 sitis
601 1521 753 1573 iacet.

153 1608 302 1662 VIII.
355 1608 557 1662 Planus
606 1611 787 1662 autem
835 1609 1064 1680 angulus
1113 1611 1196 1662 est
1231 1608 1440 1663 duabus
1483 1609 1639 1663 lineis
1679 1610 1738 1663 in

39 1699 204 1768 plano
247 1715 302 1750 se
340 1698 693 1767 tangentibus
732 1715 831 1751 nec
869 1698 925 1750 in
966 1698 1150 1751 eadem
1189 1701 1338 1752 recta
1375 1698 1572 1768 positis
1606 1699 1738 1752 alte-

38 1787 153 1839 rius
191 1787 364 1840 lineae
407 1786 475 1839 ad
515 1787 739 1840 alteram
778 1786 1073 1840 inclinatio.

150 1874 243 1928 IX.
297 1875 406 1929 Ubi
453 1893 583 1929 uero
630 1875 805 1929 lineae
857 1875 1119 1946 angulum
1170 1876 1511 1930 continentes
1553 1879 1732 1931 rectae

44 1968 186 2034 sunt,
224 1964 537 2019 rectilineus
579 1963 882 2033 adpellatur
922 1965 1170 2036 angulus

150 2054 214 2107 X.
276 2053 387 2108 Ubi
442 2072 571 2107 uero
626 2057 772 2107 recta
827 2072 989 2124 super
1045 2057 1250 2109 rectam
1308 2055 1508 2108 lineam
1559 2058 1737 2110 erecta

41 2235 83 2275 9.
114 2229 238 2275 Hero
270 2230 359 2275 def.
390 2235 456 2275 17.
520 2230 712 2275 Boetius
743 2246 787 2287 p.
814 2234 1005 2286 374,12.
1141 2236 1210 2277 10.
1242 2231 1365 2276 Hero
1399 2230 1489 2276 def.
1518 2236 1589 2276 19.
1624 2230 1734 2276 Am·
1803 2244 1805 2246 ·

39 2288 223 2333 monins
245 2288 295 2333 in
320 2290 526 2347 categ.p
532 2294 630 2335 .58.
679 2288 984 2347 Simplicius
970 2304 1020 2334 m
1043 2289 1236 2336 Aristot.
1262 2290 1320 2335 de
1345 2290 1476 2336 coelo
1501 2289 1583 2335 fol.
1608 2295 1731 2337 131V.

38 2347 330 2406 Philoponus
360 2348 410 2393 in
440 2350 537 2406 phy
541 2363 575 2393 ε.
608 2349 626 2392 i
657 2348 768 2403 IIII,
799 2348 849 2392 in
881 2348 1002 2393 anal.
1035 2350 1079 2394 II
1108 2349 1188 2396 fol.
1215 2354 1312 2407 28³⁷,
1343 2365 1388 2407 p.
1416 2354 1489 2395 65.
1551 2349 1734 2395 Psellus

34 2420 81 2464 p.
109 2412 178 2453 36.
210 2406 467 2453 Martianus
500 2407 693 2466 Capella
723 2384 802 2464 V’1‚
823 2413 920 2454 710.
983 2408 1175 2455 Boetius
1205 2423 1249 2466 p.
1277 2414 1468 2464 374,14.

153 2572 383 2617 Numeros
416 2571 738 2616 definitionum
770 2586 860 2617 om.
893 2573 1073 2618 PFBb.
1200 2577 1238 2618 1.
1280 2569 1423 2618 οὐδέν
1455 2572 1732 2630 F‚Pse11us,

0 2649 11 2654 ·
35 2630 310 2676 Ammonius
341 2647 385 2689 p.
412 2635 482 2676 66.
622 2637 661 2677 6.
696 2629 793 2688 ἔχει
824 2629 972 2689 μόνον
1003 2632 1054 2678 Β.
1196 2637 1249 2676 11
1298 2631 1375 2691 δέ]
1410 2647 1550 2690 supra
1572 2646 1732 2703 comp.

37 2691 260 2749 scriptum
291 2691 334 2735 b.
489 2686 722 2749 ἐπιπέδῳ]
764 2687 988 2743 ἐπίπεδος
1027 2708 1074 2736 π.
1229 2697 1296 2736 13.
1338 2692 1460 2737 Ante
1492 2688 1611 2765 πρός
1641 2706 1730 2736 ras.

33 2750 170 2795 unius
199 2750 386 2795 litterae
418 2750 514 2794 PF.
639 2755 707 2794 14.
740 2749 816 2809 δέ]
850 2746 898 2795 δ’
933 2750 983 2796 Β.
1107 2747 1193 2808 τὴν
1218 2752 1395 2821 γωνίαν
1427 2749 1731 2809 περιέχουσαι

34 2807 244 2915 groela&
291 2807 375 2867 τὴν
416 2806 667 2867 εἰρημένην
707 2811 882 2866 γωνίαν
923 2810 973 2856 P.
1159 2814 1227 2854 15.
1277 2806 1306 2867 ἡ
1339 2812 1487 2868 γωνία
1518 2814 1731 2856 καλεῖται

71 2882 149 2914 roc
171 2885 222 2914 us

1315 2944 1374 2987 1*
