1956 3074
102 1010 162 1049 10

104 1513 162 1553 15

196 83 303 137 218
831 85 1168 128 ΣΤοΙΧΕΙΩΝ
1199 81 1261 140 γ’.

179 259 185 264 ,
271 201 369 273 Μὴ
407 201 534 274 γάρ,
574 199 763 257 ἆλλέί
801 202 1074 272 δυνατόν,
1115 206 1252 257 ἔστω
1292 201 1354 258 τὸ
1399 208 1470 272 Ζ,
1508 203 1600 257 καὶ
1641 202 1886 274 ἐπεζεύχ-

193 299 282 346 θω
322 289 356 362 ἡ
397 297 514 346 ΓΖ.

301 378 448 435 Ἐπεὶ
492 373 643 450 [οὖν]
684 381 892 435 κύκλου
930 383 1030 435 τοῦ
1058 378 1551 449 ΑΒΓέφάπτεταί
1575 401 1656 445 τις
1689 378 1885 435 εὐθεῖα

194 466 228 539 ἡ
270 475 399 539 ΔΕ,
444 466 552 524 ἀπὸ
595 469 657 524 δὲ
695 472 796 523 τοῦ
835 469 1071 540 κέντρου
1111 468 1198 523 ε’πὶ
1237 467 1340 539 τὴν
1381 465 1535 539 ἁφὴν
1576 469 1886 535 ἐπέζευκται

194 555 228 628 ἡ
270 562 387 627 ΖΓ,
434 555 468 628 ἡ
511 562 618 612 ΖΓ
650 555 761 626 ἄρα
798 555 1036 621 κάθετός
1077 558 1226 612 ἐστιν
1266 557 1353 611 ἐπὶ
1392 555 1493 627 τὴν
1535 563 1673 612 ΔΕ·
1738 555 1884 629 ὀρθὴ

193 644 305 717 ἄρα
337 646 487 700 ἐστὶν
526 643 560 716 ἡ
600 643 709 700 ὑπὸ
737 650 906 701 ΖΓΕ.
948 645 1061 700 ἐστὶ
1095 644 1156 700 δὲ
1187 645 1279 699 καὶ
1312 643 1346 716 ἡ
1379 643 1487 701 ὑπὸ
1520 651 1689 701 ΑΓΕ
1717 645 1887 716 ὀρθή·

195 741 287 806 ἴση
335 733 444 805 ἄρα
497 734 647 789 ἐστὶν
687 732 719 804 ἡ
760 731 870 789 ὑπὸ
915 738 1076 788 ΖΓΕ
1110 737 1175 806 τῇ
1214 731 1324 789 ὑπὸ
1365 739 1537 789 ΑΓΕ
1570 732 1603 805 ἡ
1647 733 1888 789 ἐλάττων

192 826 258 895 τῇ
283 827 521 893 μείζονι·
556 821 691 893 ὅπερ
718 822 868 877 ἐστὶν
892 820 1194 878 ἀδύνατον.
1235 821 1337 878 οὐκ
1362 821 1471 894 ἄρα
1495 821 1557 878 τὸ
1587 829 1630 877 Ζ
1653 824 1888 891 κέντρον

195 911 309 966 ἐστὶ
348 914 451 966 τοῦ
492 915 664 966 ΑΒΓ
692 910 916 966 κύκλου.
959 908 1164 981 ὁμοίως
1204 909 1272 982 δὴ
1315 914 1585 982 δείξομεν,
1628 909 1713 967 ὅτι
1754 909 1881 967 οὐδ’

195 997 332 1054 ἄλλο
371 1019 424 1054 τι
462 998 610 1070 πλὴν
649 999 738 1055 ἐπὶ
776 1003 873 1070 τῆς
911 1004 1032 1055 ΑΓ.

300 1085 432 1142 Ἐὰν
486 1084 597 1159 ἄρα
650 1086 859 1142 κύκλου
908 1086 1221 1171 ἐφάπτηταί
1262 1109 1343 1153 τις
1390 1085 1612 1157 εὐθεῖα,
1668 1085 1775 1143 ἀπὸ
1827 1088 1890 1144 δὲ

192 1179 290 1246 τῆς
336 1173 485 1247 ἁφῆς
528 1180 594 1249 τῇ
636 1176 986 1248 ἐφαπτομένῃ
1027 1176 1166 1249 πρὸς
1205 1174 1386 1248 ὀρθὰς
1425 1174 1621 1231 εὐθεῖα
1664 1175 1888 1248 γραμμὴ

193 1262 364 1337 ἀχθῇ,
404 1265 490 1319 ἐπὶ
530 1269 628 1335 τῆς
666 1263 933 1336 ἀχθείσης
972 1268 1124 1320 ἔσται
1162 1263 1225 1320 τὸ
1259 1266 1493 1336 κέντρον
1525 1268 1627 1320 τοῦ
1659 1265 1890 1321 κύκλου·

195 1350 333 1424 ὅπερ
374 1355 485 1407 ἔδει
528 1354 718 1419 δεῖξαι.

1005 1500 1074 1556 κ’.

301 1601 401 1658 Ἐν
447 1603 660 1679 κύκλῳ
707 1602 741 1676 ἡ
788 1602 949 1676 πρὸς
995 1607 1077 1680 τῷ
1118 1604 1366 1679 κέντρῳ
1405 1609 1613 1676 γωνιά
1662 1608 1890 1660 διπλα-

158 1689 357 1748 ’σίων
412 1691 548 1747 ἐστὶ
604 1695 716 1764 τῆς
760 1692 920 1763 πρὸς
966 1695 1038 1765 τῇ
1086 1698 1503 1767 περιφερείᾳ,
1569 1691 1726 1749 ὅταν
1773 1692 1890 1765 τὴν

100 1971 162 2011 20

99 2413 162 2453 25

195 1779 402 1852 αὐτὴν
441 1782 874 1854 περιφέρειαν
912 1781 1115 1853 βάσιν
1157 1786 1396 1853 ἔχωσιν
1436 1783 1506 1835 αῖ
1541 1786 1795 1852 γωνίαι.

292 1868 472 1925 ’Ἑστω
522 1869 724 1936 κύκλος
771 1868 800 1926 ὁ
843 1875 1030 1941 ΑΒΓ,
1083 1870 1177 1924 καὶ
1223 1868 1361 1942 πρὸς
1407 1869 1509 1940 μὲν
1555 1874 1630 1946 τῷ
1678 1871 1887 1946 κέντρῳ

195 1956 372 2013 αὐτοῦ
411 1963 589 2029 γωνία
621 1963 759 2014 ἔστω
791 1956 824 2029 ἡ
858 1956 968 2014 ὑπὸ
995 1962 1172 2028 ΒΕΓ,
1211 1956 1349 2029 πρὸς
1382 1957 1444 2014 δὲ
1474 1962 1540 2031 τῇ
1566 1965 1891 2033 περιφερείᾳ

193 2043 228 2117 ἡ
268 2044 377 2102 ὑπὸ
412 2051 595 2117 ΒΑΓ,
636 2048 909 2117 ἐχέτωσαν
950 2046 1012 2102 δὲ
1050 2045 1154 2117 τὴν
1186 2043 1364 2117 αὐτὴν
1395 2047 1755 2119 περιφέρειαν
1791 2047 1891 2118 βά-

195 2151 287 2190 σιν
325 2133 428 2206 τὴν
465 2140 596 2190 ΒΓ·
635 2136 797 2206 λέγω,
838 2133 922 2191 ὅτι
963 2138 1272 2191 διπλασίων
1313 2135 1466 2191 ἐστὶν
1505 2133 1539 2206 ἡ
1581 2132 1689 2191 ὑπὸ
1730 2140 1900 2191 ΒΕΓ

193 2228 374 2294 γωνία
412 2226 510 2293 τῆς
547 2221 657 2279 ὑπὸ
698 2228 879 2279 ΒΑΓ.

301 2309 716 2383 Ἐπιζευχθεῖσα
754 2309 861 2382 γὰρ
901 2309 935 2382 ἡ
976 2319 1029 2367 Α
1040 2318 1091 2367 Ε
1128 2311 1348 2384 διήχθω
1389 2311 1476 2366 ἐπὶ
1514 2309 1576 2366 τὸ
1620 2317 1679 2366 Ζ.

301 2398 448 2456 Ἐπεὶ
490 2393 595 2456 οὖν
636 2406 727 2471 ἴση
770 2400 920 2455 ἐστὶν
959 2398 994 2471 ἡ
1038 2406 1148 2455 ΕΑ
1186 2404 1250 2473 τῇ
1286 2406 1410 2469 ΕΒ,
1450 2407 1541 2470 ἴση
1564 2399 1673 2454 ,καὶ
1712 2405 1889 2470 γωνία

194 2488 228 2561 ἡ
269 2487 379 2545 ὑπὸ
421 2494 586 2543 ΕΑΒ
626 2494 691 2562 τῇ
732 2487 843 2544 ὑπὸ
883 2494 1078 2543 ΕΒΑ·
1113 2491 1174 2543 αἱ
1211 2487 1319 2559 ἄρα
1358 2486 1467 2543 ὑπὸ
1501 2494 1684 2556 ΕΑΒ,
1724 2494 1891 2543 ΕΒΑ

317 2643 356 2682 1.
391 2635 506 2682 ἔστω
537 2633 590 2680 τὸ
628 2636 680 2694 Ζ]
714 2636 763 2680 in
794 2650 883 2680 ras.
918 2637 966 2681 F.
1135 2641 1175 2682 2.
1212 2636 1314 2694 ΓΖ]
1348 2638 1378 2680 Z
1415 2649 1439 2680 e
1472 2649 1586 2681 corr.
1623 2635 1684 2686 V;
1728 2637 1818 2678 ΖΓ
1845 2650 1889 2691 p.

194 2703 239 2742 3.
273 2689 381 2755 οὖν]
415 2710 504 2740 om.
536 2695 585 2739 P.
730 2693 905 2740 κύκλου
960 2699 1064 2739 -λου
1096 2695 1145 2739 in
1176 2710 1263 2739 ras.
1295 2695 1344 2739 F.
1497 2699 1539 2739 6.
1573 2694 1727 2752 ΖΓΕ]
1761 2696 1890 2738 ΖΓΔ

193 2756 246 2800 Ρ.
392 2751 518 2800 ἐστιν
549 2755 598 2800 Ρ.
747 2757 876 2798 ΑΓΔ
948 2789 958 2799 .
1095 2751 1296 2809 ὀρθή-
1318 2759 1356 2797 7.
1389 2753 1545 2811 ΑΓΕ]
1578 2767 1671 2809 mg.
1705 2768 1766 2797 m.
1798 2758 1820 2796 1
1852 2753 1889 2796 P

194 2811 340 2870 (ἐστίν
372 2828 478 2868 om„
512 2817 664 2870 ZFA,
696 2815 857 2868 ΑΓΔ).
982 2818 1021 2857 7.
1059 2813 1212 2871 ΖΓΕ]
1250 2815 1388 2856 ΖΕΓ
1415 2811 1450 2854 F
1481 2827 1541 2857 m.
1569 2818 1617 2867 1,
1651 2813 1747 2855 ΕΓ
1773 2824 1887 2856 eras.

258 2870 467 2918 ἐλάσσων
498 2888 544 2929 p.
683 2877 723 2917 8.
759 2870 903 2930 ἐστίν]
940 2887 1027 2917 om.
1062 2871 1154 2929 Bp.
1286 2871 1341 2930 Z]
1377 2874 1411 2914 Z
1443 2877 1638 2928 σημεῖον
1670 2872 1724 2916 V.
1848 2876 1888 2915 9.
