1956 3074
522 106 982 149 ELEMENTORUM
1011 107 1193 148 LIBER
1223 107 1258 150 Ι.
1667 103 1739 156 33

848 267 941 320 ΧΙ.

156 373 243 426 Ad
283 373 467 426 datam
506 375 711 425 rectam
752 391 785 425 a
815 371 944 425 dato
977 373 1177 441 puncto
1209 370 1267 423 in
1299 388 1363 423 ea
1395 371 1502 423 sito
1535 374 1740 424 rectam

44 463 540 534 perpendicularem
581 461 802 530 erigere.

162 549 245 604 Sit
292 550 419 603 data
465 552 613 602 recta
650 552 782 618 AB,
827 551 1091 618 punctum
1133 550 1315 600 autem
1354 548 1542 601 datum
1581 549 1638 601 in
1679 566 1743 602 ea

46 641 210 694 situm
249 641 309 692 Γ.
388 640 605 708 oportet
651 637 821 708 igitur
860 656 892 689 a
931 639 984 690 Γ
1015 639 1217 707 puncto
1265 639 1441 690 rectae
1480 641 1590 690 AB
1625 656 1743 708 per-

45 728 445 799 pendicularem
484 730 688 781 rectam
730 727 951 796 erigere.

158 819 404 870 sumatur
449 817 509 869 in
546 817 662 868 ΑΓ
693 815 922 886 quoduis
968 818 1230 884 punctum
1272 819 1350 885 A,
1405 818 1458 868 et
1507 818 1745 885 ponatur

430 938 468 982 Ζ
762 906 873 956 ΓΕ
894 929 964 946 --
990 906 1102 957 ΓΛ
1137 904 1419 974 [prop.II]‚
1459 907 1513 957 et
1542 905 1599 958 in
1632 909 1749 958 AE

762 993 1070 1063 triangulus
1111 993 1475 1062 aequilaterus
1500 997 1745 1047 constru-

765 1084 888 1134 atur
935 1085 1122 1134 ΖΔΕ·
1146 1084 1322 1152 [prop.
1361 1081 1409 1149 I]
1420 1124 1435 1152 ‚
1483 1084 1537 1135 et
1587 1083 1745 1137 duca-

761 1173 851 1224 tur
875 1173 989 1224 ΖΓ.
1041 1171 1177 1241 dico,
1218 1171 1286 1224 ad
1326 1171 1510 1225 datam
1541 1175 1746 1226 rectam

66 1274 117 1321 Α
686 1265 872 1325 BAB
912 1258 956 1313 ¹a
1002 1261 1129 1314 dato
1176 1264 1381 1330 puncto
1428 1261 1487 1314 in
1535 1280 1598 1316 ea
1638 1263 1745 1316 sito

137 1344 193 1389 Δ
360 1344 419 1388 1⁷
586 1346 647 1390 Ῑ]
764 1353 816 1404 Γ
833 1349 1335 1419 perpendicularem
1369 1351 1603 1404 erectam
1629 1369 1747 1405 esse

47 1445 253 1495 rectam
292 1442 497 1494 lineam
538 1443 653 1494 ΖΓ.

159 1549 286 1582 nam
326 1530 583 1599 quoniam
624 1532 829 1582 AP=
856 1531 964 1582 ΓΕ
1000 1531 1053 1581 et
1085 1527 1387 1582 communis
1428 1530 1555 1598 ΓΖ,
1610 1529 1746 1582 duae

47 1622 226 1671 rectae
267 1622 323 1670 A
332 1620 399 1686 Γ,
439 1619 542 1670 ΓΖ
573 1618 780 1671 duabus
815 1620 943 1686 ΕΓ,
979 1619 1086 1670 ΓΖ
1118 1617 1369 1687 aequales
1411 1619 1542 1670 sunt
1577 1618 1749 1672 altera

49 1707 229 1775 alteri3
279 1710 333 1760 et
378 1706 525 1760 basis
581 1710 693 1759 AZ
747 1707 867 1759 basi
922 1710 1030 1759 ZE
1074 1705 1317 1774 aequalis
1375 1709 1471 1759 est.
1564 1708 1748 1778 itaque

49 1797 268 1858 LAFZ
294 1821 363 1838 =
390 1796 551 1846 ΕΓΖ
598 1794 969 1864 [prop.VIII];
1011 1797 1067 1847 et
1105 1793 1356 1864 deinceps
1398 1798 1526 1848 sunt
1563 1796 1749 1865 positi.

48 1883 142 1936 ubi
191 1887 372 1936 autem
418 1886 567 1936 recta
607 1902 768 1952 super
805 1886 1009 1937 rectam
1049 1883 1253 1936 lineam
1298 1886 1476 1937 erecta
1519 1885 1748 1955 angulos

49 1971 302 2040 deinceps
349 1972 559 2040 positos
608 1972 748 2025 inter
795 1991 851 2026 se
902 1973 1152 2043 aequales
1201 1972 1391 2038 efficit,
1439 1977 1616 2028 rectus
1666 1978 1750 2028 est

48 2063 272 2129 uterque
305 2061 537 2130 angulus
571 2062 811 2132 aequalis
847 2062 971 2129 [def.
1000 2062 1107 2129 10].
1156 2061 1339 2132 itaque
1366 2065 1555 2129 AI'Z,
1591 2065 1754 2117 ΖΓΕ

50 2149 184 2203 recti
226 2152 364 2203 sunt.

161 2238 311 2309 Ergo
360 2238 426 2291 ad
476 2238 659 2292 datam
706 2244 912 2293 rectam
953 2244 1060 2293 AB
1103 2259 1133 2293 a
1175 2240 1300 2293 dato
1342 2243 1546 2310 puncto
1587 2241 1644 2294 in
1686 2260 1750 2295 ea

52 2326 156 2381 sito
198 2330 251 2380 Γ
274 2328 733 2397 perpendicularis
773 2333 920 2384 recta
958 2329 1103 2383 linea
1140 2329 1302 2383 ducta
1334 2332 1417 2383 est
1440 2332 1563 2401 ΓΖ;
1606 2331 1749 2400 quod

51 2417 338 2485 oportebat
375 2417 504 2470 fieri.

168 2563 245 2607 XI.
281 2564 468 2609 Boetius
500 2579 544 2621 p.
571 2568 672 2619 381,
691 2569 732 2609 4.

141 2978 342 3012 Euclide
354 2989 387 3020 u,
413 2980 495 3012 odd.
520 2980 691 3021 Heiberg
714 2983 751 3013 et
775 2981 924 3020 Menge.
1367 2986 1392 3024 3
