1956 3074
250 98 359 151 254
885 105 1221 148 z'roIXEmN
1251 101 1316 161 γ’.

360 219 673 293 Γέγραπται
720 220 829 293 ἄρα
875 221 1046 278 πάλιν
1093 223 1180 278 ἐπὶ
1219 226 1319 294 τῆς
1357 229 1466 278 ΑΒ
1504 227 1690 296 τμῆμα
1727 225 1941 281 κύκλου

246 306 308 363 τὸ
350 314 520 364 ΑΕΒ
561 309 866 381 δεχόμενον
905 315 1119 382 γωνίαν
1161 318 1292 383 ἴσην
1330 315 1398 386 τῇ
1437 312 1578 385 πρὸς
1614 316 1691 389 τῷ
1731 317 1790 368 Γ.

353 393 518 452 Ἀλλὰ
569 395 639 469 δὴ
690 395 725 468 ἡ
776 397 917 470 πρὸς
965 402 1042 475 τῷ
1083 404 1137 454 Γ
1167 398 1405 471 ἀμβλεῖα
1456 405 1617 456 ἔστω·
1677 402 1769 456 καὶ
1810 418 1940 457 συν-

247 483 455 540 εστάτω
503 484 643 558 αὐτῇ
692 493 783 557 ἴση
830 485 971 558 πρὸς
1015 490 1083 560 τῇ
1122 494 1231 543 ΑΒ
1271 486 1469 562 εὐθείᾳ
1506 489 1599 544 καὶ
1637 492 1713 564 τῷ
1757 497 1807 544 Α
1845 506 1939 561 ση-

187 589 212 628 5
246 578 382 648 μείω
415 572 450 645 ἡ
482 572 594 630 ὑπὸ
621 580 815 644 ΒΑΔ,
856 572 932 640 ὥς
963 578 1072 647 ἔχει
1105 576 1192 631 ἐπὶ
1224 579 1321 647 τῆς
1349 582 1536 649 τρίτης
1565 582 1939 651 καταγραφῆς,

243 662 337 717 καὶ
383 665 450 735 τῇ
491 669 611 717 ΑΔ
657 662 798 736 πρὸς
844 661 1023 735 ὀρθὰς
1068 662 1229 735 ἤχθω
1268 661 1302 735 ἡ
1343 671 1479 735 ΑΕ,
1519 666 1611 720 καὶ
1649 667 1940 738 τετμήσθω

243 750 413 806 πάλιν
453 748 623 822 ἡΑΒ
665 754 793 823 δίχα
830 749 970 806 κατὰ
1009 750 1072 807 τὸ
1115 757 1177 822 Ζ,
1216 751 1310 807 καὶ
1349 755 1415 825 τῇ
1440 759 1550 808 ΑΒ
1590 752 1730 826 πρὸς
1761 753 1941 829 ὀρθὰς

243 838 404 911 ἤχθω
443 837 478 911 ἡ
520 845 656 910 ΖΗ,
695 840 788 895 καὶ
828 839 1139 912 ἐπεζεύχθω
1179 838 1213 912 ἡ
1253 846 1381 896 ΗΒ.

355 929 470 983 Καὶ
512 927 628 983 ἐπεὶ
666 927 836 982 πάλιν
877 934 970 998 ἴση
1011 929 1160 983 ἐστὶν
1199 926 1369 999 ἡΑΖ
1399 933 1466 1003 τῇ
1492 936 1612 1001 ΖΒ,
1652 932 1745 986 καὶ
1777 931 1939 1003 κοινὴ

159 1031 214 1070 10
245 1015 280 1087 ἡ
322 1021 458 1086 ΖΗ,
499 1015 603 1071 δύο
646 1015 717 1088 δὴ
759 1019 821 1071 αἱ
857 1022 996 1086 ΑΖ,
1036 1021 1156 1071 ΖΗ
1197 1016 1303 1073 δύο
1343 1029 1466 1083 ταῖς
1503 1025 1630 1090 ΒΖ,
1672 1026 1793 1075 ΖΗ
1823 1027 1939 1076 ἴσαι

243 1108 410 1160 εἰσίν·
456 1104 550 1160 καὶ
596 1109 775 1175 γωνία
821 1102 856 1176 ἡ
906 1102 1018 1160 ὑπὸ
1059 1110 1243 1160 ΑΖΗ
1279 1111 1458 1181 γωνίᾳ
1503 1110 1570 1180 τῇ
1618 1105 1729 1164 ὑπὸ
1772 1114 1948 1164 ΒΖΗ

243 1201 357 1266 ἴση·
397 1194 561 1266 βάσις
598 1193 707 1265 ἄρα
745 1192 934 1266 ἡΑΗ
962 1193 1122 1265 βάσει
1160 1197 1226 1267 τῇ
1268 1201 1390 1250 ΒΗ
1422 1202 1512 1267 ἴση
1555 1198 1726 1253 ἐστίν·
1767 1194 1797 1252 ὁ
1831 1195 1940 1270 ἄρα

240 1284 450 1359 κέντρῳ
491 1281 594 1354 μὲν
633 1286 708 1358 τῷ
741 1289 807 1338 Η
840 1281 1171 1354 διαστήματι
1213 1282 1276 1339 δὲ
1313 1287 1388 1359 τῷ
1414 1290 1534 1339 ΗΑ
1571 1284 1773 1351 κύκλος
1811 1308 1941 1358 γρα-

242 1370 491 1443 φόμενος
536 1369 654 1443 ἥξει
700 1372 794 1427 καὶ
843 1371 937 1427 διὰ
985 1375 1088 1427 τοῦ
1127 1378 1189 1428 Β.
1268 1373 1517 1444 ἐρχέσθω
1567 1371 1641 1439 ὥς
1688 1372 1718 1429 ὁ
1759 1381 1940 1430 ΑΕΒ.

154 1473 208 1512 15
240 1460 333 1516 καὶ
374 1460 491 1516 ἐπεὶ
528 1464 595 1532 τῇ
622 1466 736 1515 ΑΕ
773 1461 1048 1532 διαμέτρῳ
1082 1458 1176 1515 ἀπ’
1206 1459 1379 1532 ἄκρας
1409 1460 1548 1535 πρὸς
1580 1462 1760 1535 ὀρθάς
1791 1465 1941 1519 ἐστιν

240 1545 275 1619 ἡ
316 1556 453 1619 ΑΔ,
493 1547 528 1620 ἡ
570 1557 687 1604 ΑΔ
725 1547 837 1622 ἄρα
877 1549 1176 1621 ἐφάπτεται
1215 1554 1317 1606 τοῦ
1357 1557 1524 1607 ΑΕΒ
1563 1550 1784 1607 κύκλου.
1847 1553 1940 1607 καὶ

239 1634 349 1692 ἀπὸ
390 1640 487 1708 τῆς
524 1635 662 1694 κατὰ
702 1636 765 1694 τὸ
792 1645 845 1692 Α
884 1639 1099 1710 ἐπαφῆς
1138 1641 1358 1710 διῆκται
1389 1636 1424 1710 ἡ
1450 1644 1580 1694 ΑΒ·
1620 1637 1655 1710 ἡ
1689 1638 1798 1714 ἄρα
1829 1639 1939 1696 ὑπὸ

239 1731 415 1781 ΒΑΔ
461 1727 639 1796 γωνία
687 1732 779 1797 ἴση
829 1726 944 1782 ἐστὶ
990 1729 1056 1799 τῇ
1098 1727 1159 1782 ἐν
1197 1731 1273 1803 τῷ
1315 1725 1550 1794 ἐναλλὰξ
1588 1731 1691 1782 τοῦ
1730 1727 1940 1784 κύκλου

238 1812 478 1885 τμήματι
529 1817 605 1888 τῷ
657 1820 823 1870 ΑΘΒ
876 1816 1254 1888 συνισταμένῃ
1304 1819 1498 1889 γωνίᾳ.
1575 1812 1697 1871 ἀλλ’
1740 1814 1775 1887 ἡ
1827 1814 1938 1873 ὑπὸ

151 1914 207 1953 20
241 1908 417 1958 BAA
462 1907 642 1973 γωνία
687 1906 754 1975 τῇ
801 1902 942 1975 πρὸς
978 1907 1054 1979 τῷ
1095 1908 1148 1958 Γ
1180 1910 1272 1974 ἴση
1314 1906 1479 1959 ἐστίν.
1555 1905 1649 1960 καὶ
1687 1902 1722 1975 ἡ
1763 1907 1823 1960 ἐν
1862 1909 1937 1982 τῷ

240 1997 404 2047 ΑΘΒ
444 1989 553 2064 ἄρα
592 1991 831 2063 τμήματι
869 1997 1049 2063 γωνία
1090 1999 1182 2063 ἴση
1224 1992 1337 2048 ἐστὶ
1376 1996 1443 2065 τῇ
1483 1990 1624 2065 πρὸς
1660 1996 1736 2067 τῷ
1778 1998 1836 2049 Γ.

347 2077 467 2135 Ἐπὶ
505 2083 603 2151 τῆς
642 2079 752 2154 ἄρα
792 2083 1059 2152 δοθείσης
1098 2078 1324 2147 εὐθείας
1362 2084 1458 2153 τῆς
1488 2087 1597 2138 ΑΒ
1636 2083 1937 2154 γέγραπται

238 2176 424 2239 τμῆμα
477 2167 688 2224 κύκλου
740 2167 804 2223 τὸ
846 2173 1010 2224 ΑΘΒ
1065 2168 1373 2241 δεχόμενον
1428 2173 1642 2241 γωνίαν
1695 2177 1824 2242 ἴσην
1869 2174 1935 2243 τῇ

239 2256 379 2329 πρὸς
415 2259 491 2332 τῷ
532 2261 605 2311 Γ·
647 2254 782 2328 ὅπερ
824 2260 937 2312 ἔδει
977 2261 1221 2329 ποιῆσαι.

358 2453 399 2493 2.
433 2449 568 2491 ΑΒΕ
597 2447 649 2492 Ρ.
774 2451 818 2492 Γ
845 2444 970 2507 ὀρθῇ
1004 2448 1060 2500 V,
1094 2448 1129 2492 F
1161 2461 1220 2492 m.
1246 2461 1339 2492 rec.
1459 2451 1502 2492 4.
1536 2448 1632 2506 ἴση]
1666 2463 1726 2492 m.
1758 2463 1848 2495 rec.
1883 2451 1932 2496 P.

297 2507 356 2566 A]
392 2503 469 2552 ἐπ’
505 2503 626 2564 αὐτῇ
658 2522 717 2551 m.
744 2512 770 2551 2
804 2521 944 2564 supra
974 2521 1057 2552 scr.
1090 2507 1141 2552 F.
1273 2512 1313 2551 9.
1347 2507 1447 2565 ΖΒ]
1480 2507 1530 2552 in
1560 2521 1648 2552 ras.
1681 2508 1730 2552 F.
1852 2508 1935 2553 καὶ

239 2563 396 2625 κοινή]
430 2563 566 2622 κοινὴ
599 2565 653 2611 δέ
685 2566 785 2612 FV.
927 2572 996 2611 10.
1030 2566 1149 2624 ZH]
1185 2566 1303 2623 (alb.)
1336 2568 1387 2609 H
1414 2566 1464 2610 in
1496 2579 1583 2612 ras.
1616 2581 1676 2611 m.
1706 2573 1727 2611 1
1761 2567 1813 2613 B.

238 2650 348 2712 δύο]
379 2653 478 2708 ΡΒ,
512 2635 619 2698 ᾱυέι
650 2653 687 2697 F
716 2670 777 2699 m.
807 2660 853 2709 1;
886 2656 1000 2700 δυσί
1026 2655 1120 2712 Vp.
1261 2659 1328 2699 11.
1363 2653 1460 2699 εἰσί
1484 2655 1578 2713 νιρ.
1718 2659 1786 2699 12.
1819 2656 1934 2701 Post

240 2715 314 2770 ἴση
348 2713 453 2759 add.
488 2709 592 2758 ἐστί
616 2713 671 2769 V,
703 2714 739 2758 F
772 2729 832 2758 m.
859 2719 899 2760 2.
1025 2719 1094 2758 13.
1127 2713 1238 2771 ΗΑ]
1275 2728 1390 2759 corr.
1423 2728 1480 2759 ex
1511 2719 1547 2758 A
1578 2729 1639 2760 m.
1672 2728 1762 2759 rec.
1798 2714 1847 2758 P.

241 2777 309 2818 15.
360 2768 492 2831 ἐπεί]
541 2787 656 2818 corr.
691 2787 747 2817 ex
781 2769 865 2817 ἐπί
891 2788 950 2818 m.
976 2779 1002 2819 2
1034 2773 1084 2818 F.
1233 2770 1378 2831 ἐστιν]
1426 2772 1483 2827 Ρ;
1531 2773 1612 2819 cfr.
1643 2788 1689 2830 p.
1715 2777 1824 2829 250,
1851 2779 1928 2828 243

236 2824 378 2887 ἦκται
410 2831 572 2876 Theon
604 2832 832 2890 (BFVp).
919 2838 988 2878 16.
1029 2831 1180 2889 ΑΕΒ]
1213 2832 1411 2877 litt.EB
1442 2833 1492 2876 in
1523 2846 1609 2877 ras,
1642 2832 1694 2879 F.
1774 2837 1842 2878 17.
1874 2828 1928 2890 ἡ]

239 2889 486 2949 (prius)win
517 2903 606 2935 ras.
639 2906 698 2935 m.
726 2896 752 2935 2
785 2892 839 2936 V.
982 2895 1048 2936 18.
1085 2889 1210 2936 ἐστίν
1241 2891 1290 2937 P.
1427 2896 1495 2936 19.
1529 2891 1682 2949 ΑΘΒ]
1715 2891 1807 2935 litt.
1844 2892 1929 2935 ΘΒ
