1956 3074
75 627 101 667 5

46 1072 101 1112 10

45 1516 98 1558 15

45 2051 103 2092 20

49 2496 105 2537 25

141 139 248 192 182
773 140 1110 183 ΣΤοΙΧΕΙΩΝ
1139 137 1205 197 γ’.

136 250 241 312 οὖν
290 264 381 329 cem
432 258 582 314 ἐστὶν
616 256 662 330 μἡ
702 263 822 312 ΗΕ
862 261 929 331 τῇ
972 264 1100 330 ΕΘ,
1154 258 1317 330 κοινὴ
1367 258 1430 316 δὲ
1468 257 1502 331 ἡ
1543 265 1672 330 ΕΖ,
1728 259 1833 316 δύο

136 345 206 417 δὴ
256 349 319 402 αἰ
355 353 496 417 ΗΕ,
544 354 647 403 ΕΖ
688 347 816 402 δυσὶ
864 357 984 414 ταῖς
1022 354 1154 419 ΘΕ,
1202 353 1307 404 ΕΖ
1354 355 1470 404 ἴσαι
1510 351 1673 404 εἰσίν·
1742 348 1835 404 καὶ

133 440 313 507 γωνία
361 433 396 507 ἡ
444 434 555 492 ὑπὸ
597 441 769 491 ΗΕΖ
815 441 995 510 γωνίᾳ
1033 439 1099 509 τῇ
1140 434 1250 493 ὑπὸ
1291 443 1453 493 ΘΕΖ
1493 445 1611 509 ἴση·
1673 436 1837 508 βάσις

135 523 245 598 ἄρα
283 522 317 596 ἡ
354 531 474 580 ΖΗ
503 524 661 596 βάσει
703 527 767 597 τῇ
812 517 922 579 ΖΘ
956 532 1048 596 ἴση
1089 527 1255 582 ἐστίν.
1331 526 1474 597 λέγω
1516 525 1605 597 δή,
1644 523 1729 581 ῗτι
1767 529 1833 599 τῇ

134 620 250 669 ΖΗ
306 613 447 684 ἄλλη
489 621 580 684 ἴση
623 611 691 669 ού
728 624 1122 685 προσπεσεῖται
1161 611 1300 685 πρὸς
1338 613 1439 671 τὸν
1475 614 1685 671 κύκλον
1725 613 1835 670 ἀπὸ

132 707 235 759 τοῦ
273 709 318 758 Ζ
359 705 606 773 σημείου.
662 706 715 757 εἰ
750 700 856 774 γὰρ
899 701 1165 773 δυνατόν,
1204 705 1589 774 προσπιπτέτω
1630 701 1663 776 ἡ
1707 709 1830 759 ΖΚ.

132 792 226 847 καὶ
265 790 380 847 ἐπεὶ
414 787 448 861 ἡ
491 795 605 846 ΖΚ
639 793 706 864 τῇ
741 795 861 845 ΖΗ
892 797 984 862 ἴση
1027 793 1196 861 ἐστίν,
1237 788 1380 847 ἀλλὰ
1421 790 1456 863 ἡ
1491 799 1594 849 ΖΘ
1623 795 1689 866 τῇ
1725 798 1846 847 ΖΗ

134 885 250 952 [ἴση
292 881 486 950 ἐστίν],
526 881 618 935 καὶ
657 877 831 951 ἡΖΚ
861 878 970 952 ἄρα
1007 883 1073 953 τῇ
1108 886 1209 935 ΖΘ
1233 881 1385 936 ἐστιν
1426 887 1539 952 ἴση,
1578 879 1611 953 ἡ
1647 884 1838 953 ἔγγιον

131 973 228 1041 τῆς
267 967 361 1025 διὰ
393 972 496 1024 τοῦ
520 969 758 1041 κέντρου
795 971 861 1041 τῇ
903 966 1192 1040 ἀπώτερον
1226 976 1341 1041 ἴση·
1374 967 1510 1042 ὅπερ
1535 967 1839 1026 ἀδύνατον.

134 1056 238 1115 οὐκ
283 1057 395 1129 ἄρα
442 1054 552 1114 ἀπὸ
599 1060 703 1114 τοῦ
744 1063 789 1112 Ζ
830 1061 1065 1129 σημείου
1113 1058 1272 1131 ἑτέρα
1322 1079 1406 1125 τις
1443 1070 1837 1131 προσπεσεῖται

131 1146 272 1220 πρὸς
308 1145 409 1204 τὸν
447 1146 658 1203 κύκλον
699 1153 790 1217 ἴση
830 1148 896 1219 τῇ
939 1151 1080 1202 ΗΖ·
1122 1151 1221 1218 μία
1260 1146 1372 1219 ἄρα
1413 1147 1576 1219 μόνη.

238 1235 373 1293 Ἐὰν
412 1235 524 1309 ἄρα
561 1234 772 1291 κύκλου
811 1235 899 1291 ἐπὶ
937 1238 1036 1306 τῆς
1077 1237 1378 1309 διαμέτρου
1417 1239 1613 1310 ληφθῇ
1654 1257 1706 1291 τι
1741 1253 1837 1308 ση-

132 1337 310 1398 μεῖον,
351 1323 381 1382 ὃ
423 1325 498 1398 μή
539 1328 653 1382 ἐστι
692 1325 928 1395 κέντρον
956 1327 1060 1380 τοῦ
1090 1323 1320 1395 κύκλου,
1361 1321 1469 1381 ἀπὸ
1496 1324 1560 1381 δὲ
1590 1328 1695 1381 τοῦ
1737 1341 1833 1397 ση-

132 1420 292 1486 μείου
347 1413 485 1487 πρὸς
538 1413 640 1471 τὸν
678 1415 886 1469 κύκλον
935 1416 1360 1485 προσπίπτωσιν
1412 1411 1636 1469 εὐθεῖαί
1670 1435 1837 1485 τινες,

131 1509 358 1576 μεγίστη
399 1503 502 1575 μὲν
543 1506 714 1572 ἔσται,
755 1499 845 1573 ἐφ’
891 1494 956 1572 ἦς
995 1499 1056 1557 τὸ
1101 1502 1356 1572 κέντρον,
1399 1503 1656 1575 ἐλαχίστη
1698 1501 1761 1559 δὲ
1799 1500 1834 1574 ἡ

133 1592 326 1664 λοιπή,
382 1595 496 1648 τῶν
537 1591 599 1648 δὲ
638 1589 828 1647 ἄλλων
868 1588 956 1646 ἀεὶ
994 1587 1030 1661 ἡ
1073 1593 1263 1662 ἔγγιον
1301 1592 1399 1662 τῆς
1439 1588 1534 1646 διὰ
1575 1593 1678 1646 τοῦ
1717 1592 1840 1647 κέν-

131 1703 270 1754 τρου
307 1685 405 1752 τῆς
444 1678 734 1753 ἀπώτερον
774 1683 974 1751 μείζων
1015 1680 1192 1749 ἐστίν,
1250 1678 1356 1736 δύο
1398 1679 1460 1735 δὲ
1499 1678 1683 1751 μόνον
1721 1686 1840 1736 ἴσαι

132 1769 243 1827 ἀπὸ
291 1774 395 1827 τοῦ
442 1768 619 1826 αὐτοῦ
659 1773 894 1841 σημείου
934 1771 1383 1841 προσπεσοῦνται
1423 1768 1563 1840 πρὸς
1601 1767 1705 1824 τὸν
1743 1768 1840 1824 κύ-

131 1865 269 1915 κλον
309 1856 399 1930 ἐφ’
444 1857 675 1929 ἑκάτερα
713 1860 811 1929 τῆς
850 1859 1158 1929 ἐλαχίστης·
1200 1854 1336 1926 ὅπερ
1377 1860 1490 1913 ἔδει
1531 1858 1724 1924 δεῖξαι.

947 2041 981 2090 η
1011 2064 1022 2075 .

242 2123 391 2181 Ἐὰν
445 2123 696 2180 κύκλου
747 2125 975 2195 ληφθῇ
1027 2143 1087 2177 τι
1135 2132 1413 2193 σημεῖον
1454 2122 1668 2194 ἐκτός,
1716 2121 1839 2180 ἀπὸ

136 2214 206 2271 δὲ
254 2217 372 2271 τοῦ
428 2217 710 2285 σημείου
763 2209 924 2282 πρὸς
976 2209 1097 2267 τὸν
1146 2210 1392 2267 κύκλον
1457 2214 1841 2284 διαχθῶσιν

134 2302 408 2360 εὐθεῖαί
440 2324 647 2372 τινες,
688 2293 777 2358 ὧν
817 2305 930 2372 μία
963 2298 1082 2372 μὲν
1122 2298 1231 2355 διὰ
1271 2303 1388 2356 τοῦ
1428 2301 1734 2375 κέντρου,
1775 2303 1845 2357 αἱ

136 2392 206 2449 δὲ
238 2396 493 2462 λοιπαί,
534 2388 610 2456 ὡς
641 2394 898 2462 ἔτυχεν,
936 2391 1067 2445 τῶν
1098 2387 1215 2460 μὲν
1252 2386 1414 2461 πρὸς
1451 2387 1570 2461 τὴν
1608 2394 1842 2462 κοίλην

137 2482 574 2555 περιφέρειαν
625 2479 1185 2550 προσπιπτουσῶν
1225 2474 1514 2534 εὐθειῶν
1564 2482 1840 2552 μεγίστη

258 2650 299 2689 2.
332 2641 451 2702 HE]
486 2645 586 2688 EH
614 2643 665 2687 F.
819 2638 960 2712 εἰσίν]
993 2639 1148 2693 PBF;
1182 2637 1278 2685 εἰσί
1305 2639 1387 2698 Vp
1524 2646 1567 2686 4.
1601 2637 1726 2686 ἐστιν
1758 2642 1838 2698 ἴση

137 2721 183 2762 p.
336 2700 485 2761 ἐστίν]
520 2698 621 2747 ἐστί
654 2700 711 2745 V.
894 2699 978 2758 δη]
1011 2713 1103 2744 om.
1134 2697 1177 2743 V
1210 2696 1365 2816 (ἔάρΡ
1353 2699 1459 2744 add.
1492 2714 1552 2747 m.
1579 2702 1642 2773 2),
1697 2699 1751 2745 δέ
1785 2657 1838 2745 Ρη

215 2760 726 2821 5...ZH]HerasV
889 2754 1190 2831 6.ὴ]ὥςὴ
1519 2755 1842 2833 7.ᾑΖΚ]ο

141 2837 257 2869 corr.
289 2837 350 2867 m.
380 2827 402 2866 1
436 2820 492 2867 V.
639 2815 764 2865 ἐστιν
797 2819 872 2875 ἴση
905 2818 994 2876 Pp.
1148 2813 1288 2876 auci]
1320 2773 1425 2863 ἀλλ’
1460 2818 1566 2875 BF;
1598 2816 1716 2864 αλλὰ
1748 2835 1842 2877 μην

140 2883 228 2926 καί
252 2881 303 2926 P.
444 2881 562 2939 ZH]
597 2894 714 2925 corr.
747 2892 804 2924 ex
836 2880 924 2922 ZE
954 2877 997 2923 V
1029 2892 1089 2921 m.
1118 2882 1156 2921 1.
1295 2882 1334 2922 8.
1372 2879 1446 2934 ἴση
1481 2854 1627 2937 ἐστίν]
1662 2891 1750 2923 om.
1783 2877 1843 2934 P;

147 2942 220 2998 ἴση
253 2939 310 2995 Ε;
345 2936 470 2985 ἔστιν
504 2942 578 2997 ἴση
611 2938 708 2997 Vp.
844 2933 959 2996 ἄρα]
994 2951 1084 2984 om.
1118 2936 1168 2983 F.
1310 2895 1446 2996 ΖΘ]η
1455 2938 1541 2982 ΘΖ
1573 2938 1623 2982 Ρ.
1763 2938 1842 2994 ἴση
