1956 3074
514 99 979 141 ELEMENTORUM
1010 101 1191 140 LIBER
1221 102 1255 144 1.
1663 100 1733 151 63

789 215 986 270 XXVI.

0 332 2 404 b
151 305 208 358 Si
248 306 352 358 duo
392 305 654 374 trianguli
694 304 828 357 duos
870 304 1101 374 angulos
1143 304 1351 356 duobus
1393 306 1609 374 angulis
1646 326 1731 360 ae-

0 405 2 455 ι
36 393 221 464 quales
261 393 464 446 habent
503 393 732 445 alterum
773 392 931 445 alteri
972 395 1027 444 et
1066 410 1233 444 unum
1266 392 1411 444 latus
1444 394 1536 446 uni
1569 394 1732 448 lateri

0 509 1 518 1
36 482 281 551 aequale,
333 482 445 534 siue
497 481 639 551 quod
688 480 754 533 ad
795 480 1025 549 angulos
1067 481 1317 550 aequales
1356 481 1594 549 positum
1634 487 1731 552 est‚·

35 571 149 624 siue
190 571 332 639 quod
372 571 472 623 sub
513 570 685 623 altero
728 569 1052 639 angulorum
1093 569 1402 638 aequalium
1436 570 1730 640 subtendit,

34 658 197 712 etiam
245 659 454 728 reliqua
499 658 676 712 latera
714 657 936 727 reliquis
974 658 1237 710 lateribus
1279 659 1527 727 aequalia
1565 659 1729 712 habe-

35 747 174 800 bunt
215 748 444 800 alterum
486 748 646 800 alteri
687 750 742 800 et
779 747 1050 816 reliquum
1090 748 1348 818 angulum
1390 747 1598 817 reliquo
1639 768 1732 802 an-

34 836 177 905 gulo,
864 898 867 900 ,

145 921 266 975 Sint
305 924 409 977 duo
441 924 702 994 trianguli
726 926 915 993 ΑΒΓ,
942 928 1058 976 AE
1066 928 1110 976 Z
1135 924 1270 977 duos
1296 924 1525 993 angulos
1551 928 1729 990 ΑΒΓ,

33 1014 187 1064 ΒΓΑ
226 1012 433 1065 duobus
467 1016 657 1080 AEZ,
696 1016 868 1065 ΕΖΔ
900 1013 1150 1082 aequales
1190 1012 1455 1065 habentes
1497 1009 1727 1066 alterum

29 1100 201 1170 alteri,
225 1107 259 1163 L
283 1103 455 1154 ΑΒΓ
474 1126 543 1143 =
572 1104 741 1153 AEZ
767 1103 821 1153 et
844 1105 879 1162 L
905 1103 1072 1153 ΒΓΑ
1096 1126 1166 1145 =
1192 1104 1378 1170 ΕΖΔ,
1411 1103 1464 1153 et
1488 1101 1730 1155 habeant

480 1218 541 1265 Δ
836 1190 999 1243 etiam
1046 1208 1214 1242 unum
1253 1190 1396 1242 latus
1437 1189 1531 1242 uni
1569 1191 1730 1243 lateri

88 1294 153 1341 Α
836 1278 1082 1348 aequale,
1135 1279 1285 1348 prius
1345 1278 1487 1348 quod
1529 1278 1595 1331 ad
1636 1298 1729 1331 an-

49 1408 112 1455 Ι
833 1367 992 1436 gulos
1041 1367 1291 1436 aequales
1349 1367 1587 1436 positum
1632 1371 1729 1437 est,

392 1484 452 1530 Ε
831 1458 942 1508 ΒΓ
961 1481 1030 1499 =
1055 1459 1175 1510 EZ.
1223 1456 1357 1525 dieo,
1399 1456 1583 1508 etiam*
1603 1456 1728 1508 reli-

727 1528 768 1572 Ζ
833 1562 938 1612 qua
975 1544 1150 1597 latera
1196 1544 1418 1614 reliquis
1465 1545 1727 1598 lateribus

41 1610 93 1656 B
279 1615 323 1661 9
382 1602 437 1650 Γ
835 1633 1082 1702 aequalia
1133 1652 1223 1686 eos
1270 1633 1554 1686 habituros
1610 1652 1728 1687 esse

25 1716 253 1769 alterum
295 1717 470 1786 alteri,
500 1722 608 1771 AB
635 1706 705 1762 =⁹
734 1724 788 1772 A
797 1724 850 1772 E
886 1725 940 1773 et
963 1723 1078 1774 ΑΓ
1096 1748 1164 1765 =
1192 1726 1248 1774 A
1259 1725 1303 1774 Z
1312 1764 1327 1791 ,
1368 1724 1422 1774 et
1459 1723 1727 1792 reliquum

0 1801 286 1874 'angulum
325 1806 534 1875 reliquo
576 1809 794 1878 angulo,
835 1815 869 1871 L
894 1813 1066 1863 ΒΑΓ
1085 1837 1154 1854 =
1181 1815 1294 1864 EA
1306 1814 1365 1863 Z.

134 1912 261 1946 nam
310 1895 357 1947 si
379 1899 488 1948 AB
537 1896 696 1949 lateri
744 1901 862 1949 AE
904 1898 1188 1969 inaequale
1238 1902 1348 1967 est,
1405 1900 1726 1953 alterutrum

23 1999 208 2035 eorum
261 1983 436 2037 maius
477 1988 571 2038 est.
658 1986 730 2039 sit
770 1988 944 2040 maius
985 1992 1108 2056 AB,
1148 1991 1202 2041 et
1239 1991 1474 2058 ponatur
1513 1992 1638 2040 ΒΗ
1655 2015 1724 2043 =,

24 2074 155 2141 AE,
195 2075 249 2124 et
288 2072 514 2125 dueatur
552 2076 679 2127 ΗΓ.
775 2134 779 2138 ,

133 2161 242 2212 iam
283 2162 540 2230 quoniam
564 2166 775 2215 BH=
803 2168 920 2242 ΑΕ
957 2168 1012 2218 et
1043 2168 1242 2218 BF=
1267 2169 1395 2235 ΕΖ,
1435 2165 1570 2218 duae
1610 2184 1722 2219 reo-

21 2251 109 2301 tae
160 2252 288 2317 BH,
336 2252 449 2302 ΒΓ
490 2250 698 2304 duabus
747 2256 803 2304 A
814 2257 882 2321 E,
930 2257 1035 2306 ΕΖ
1086 2255 1337 2324 aequales
1387 2257 1514 2307 sunt
1553 2256 1725 2308 altera

22 2336 205 2405 alteri3
268 2343 322 2390 et
383 2343 418 2400 L
458 2342 725 2393 ΗΒΓ-τ
753 2345 935 2394 ΔΕΖ.
1019 2343 1202 2413 itaque
1271 2345 1477 2395 HF=
1504 2347 1615 2395 AZ
1671 2346 1726 2396 et

21 2423 79 2480 Δ
97 2428 209 2478 ΗΒ
218 2428 336 2478 F=
350 2431 533 2496 AEZ,
559 2432 613 2481 et
627 2429 823 2500 reliqui
843 2431 1028 2500 anguli
1045 2431 1265 2501 reliquis
1281 2432 1532 2500 aequales
1551 2435 1724 2501 erunt,

18 2537 233 2595 Proclus,
266 2542 457 2586 Boetius
493 2545 604 2599 (non
637 2543 1030 2602 olympiodorus).
1156 2551 1196 2590 9.
1219 2545 1439 2592 ,ἔστωσαν
1471 2547 1527 2591 V.
1652 2553 1720 2592 11.

19 2599 98 2658 τῇ]
130 2614 245 2644 corr.
278 2614 334 2645 ex
364 2598 449 2658 τὴν
480 2616 636 2647 m.reo
667 2604 718 2659 P,
750 2605 805 2648 ut
826 2604 907 2648 lin.
929 2609 996 2649 12.
1017 2627 1026 2634 -
1124 2610 1192 2649 12.
1227 2601 1342 2664 ὑπό]
1377 2606 1495 2663 (alt.)
1530 2620 1588 2649 m.
1618 2612 1643 2651 2
1675 2607 1720 2650 b.

81 2664 151 2704 13.
185 2660 383 2718 πλευρᾷ]
420 2675 560 2718 supra
590 2677 651 2708 m.
681 2668 703 2706 1
773 2699 782 2709 .
931 2668 998 2708 15.
1031 2668 1136 2715 ταῖς
1165 2667 1352 2716 λοιπαῖς
1383 2668 1608 2719 πλευραῖς
1638 2663 1722 2716 τὰς

20 2715 187 2768 λοιπὰς
217 2716 422 2774 πλευράς
452 2720 500 2764 F.
610 2726 682 2793 29.
743 2723 864 2781 στίν]
899 2721 1028 2791 ἔσταξ
1060 2723 1117 2768 V.
1227 2729 1296 2768 21.
1332 2724 1458 2828 BH}
1488 2723 1594 2778 PB3
1629 2727 1720 2767 ΗΒ

19 2775 199 2834 Fpr.
353 2778 465 2823 Post
498 2776 772 2838 ἐπεζευχθω
805 2796 891 2827 ras.
928 2788 955 2826 4
987 2783 1080 2827 htt.
1113 2798 1158 2839 p.
1313 2787 1383 2826 252
1463 2784 1581 2840 στίν]
1616 2784 1720 2835 PF;

19 2834 585 2942 {ofianssBZssz'sgulgo
710 2846 781 2886 26.
817 2839 964 2900 ἐστίν]
1000 2841 1100 2895 PF;
1135 2838 1236 2886 ἐστί
1264 2841 1424 2899 uulgo.
1549 2838 1719 2901 ΗΒΓ]

113 2914 123 2949 3
467 2914 510 2955 P·
