1956 3074
118 135 235 189 170
758 134 1096 178 ΣΤΟΙΧΕΙῼΝ
1127 131 1192 190 γ’.

123 259 261 312 ἔστω
300 253 362 311 τὸ
406 261 486 326 Δ,
532 254 625 309 καὶ
665 251 1086 325 ἐπεζεύχθωσαν
1126 254 1188 307 αἱ
1226 257 1366 322 ΔΑ,
1418 257 1555 322 ΔΒ,
1602 250 1695 306 καὶ
1736 253 1817 307 δι-

122 344 282 417 ήχθω
321 342 357 416 ἡ
398 349 580 399 ΔΖΕ.
794 383 798 386 >

230 432 379 489 Ἐπεὶ
427 427 534 489 οὖν
579 440 671 503 ἴση
721 431 872 487 ἐστὶν
917 428 951 501 ἡ
993 437 1114 485 ΔΑ
1151 433 1216 503 τῇ
1260 435 1397 500 ΔΒ,
1446 436 1536 500 ἴση
1577 426 1688 500 ἄρα
1725 428 1817 484 καὶ

121 526 301 594 γωνία
340 519 374 593 ἡ
414 519 524 577 ὑπὸ
560 525 739 576 ΔΛΕ
764 522 831 592 τῇ
871 516 981 575 ὑπὸ
1017 524 1212 574 ΔΒΕ·
1251 518 1340 573 καὶ
1385 517 1499 574 ἐπεὶ
1538 516 1819 588 τριγώνου

62 623 89 664 5
121 614 223 667 τοῦ
258 616 436 666 ΔΑΕ
462 614 560 681 μία
591 606 802 679 πλευρὰ
833 608 1303 680 προσεκβέβληται
1334 605 1369 678 ἡ
1395 612 1581 677 ΑΕΒ,
1621 610 1819 678 μείζων
1906 610 1908 615 ’

121 697 232 772 ἄρα
270 696 305 770 ἡ
343 696 454 754 ὑπὸ
490 702 656 753 ΔΕΒ
696 700 876 766 γωνία
914 698 1011 767 τῆς
1050 692 1161 751 ὑπὸ
1190 700 1380 750 ΔΑΕ.
1422 702 1513 766 ἴση
1548 694 1611 751 δὲ
1642 693 1677 767 ἡ
1707 691 1818 751 ὑπὸ

123 793 303 844 ΔΑΕ
342 790 409 861 τῇ
459 784 568 842 ὑπὸ
610 790 812 841 ΔΒΕ·
875 789 1075 856 μείζων
1122 783 1232 857 ἄρα
1278 781 1312 856 ἡ
1362 782 1472 840 ὑπὸ
1513 789 1683 840 ΔΕΒ
1722 787 1820 857 τῆς
1904 792 1906 794 ’

120 875 230 933 ὑπὸ
259 883 314 932 Δ
323 883 369 932 Β
383 882 445 932 Ε.
484 873 592 931 ὑπὸ
623 875 685 931 δὲ
708 875 813 947 τὴν
837 879 1061 946 μείζονα
1084 879 1300 945 γωνίαν
1325 871 1359 945 ἡ
1385 878 1586 945 μείζων
1609 871 1820 946 πλευρᾶ

120 964 429 1022 ὑποτείνει·
487 969 687 1037 μείζων
726 961 838 1035 ἄρα
875 960 910 1035 ἡ
953 969 1064 1019 ΔΒ
1094 965 1191 1033 τῆς
1231 968 1357 1018 ΔΕ.
1398 970 1491 1034 ἴση
1532 961 1595 1018 δὲ
1632 959 1667 1034 ἡ
1709 968 1819 1018 ΔΒ
1906 1035 1907 1038 ¹

36 1068 90 1108 10
120 1058 185 1128 τῇ
228 1061 350 1112 ΔΖ.
430 1059 630 1126 μείζων
676 1051 789 1125 ἄρα
834 1049 869 1124 ἡ
911 1057 1022 1107 ΔΖ
1066 1054 1165 1123 τῆς
1205 1057 1321 1106 ΔΕ
1368 1048 1402 1122 ἡ
1445 1050 1686 1107 ἐλάττων
1724 1054 1820 1123 τῆς

119 1149 398 1216 μείζονος·
460 1141 595 1215 ὅπερ
636 1141 788 1198 ἐστὶν
826 1139 1128 1197 ἀδύνατον.
1206 1138 1307 1196 οὐκ
1347 1139 1457 1212 ἄρα
1495 1137 1530 1212 ἡ
1570 1138 1679 1196 ἀπὸ
1719 1143 1820 1196 τοῦ

120 1241 173 1288 Α
212 1233 299 1289 ἐπὶ
339 1231 402 1289 τὸ
443 1238 490 1288 Β
532 1231 963 1303 ἐπιζευγνυμένη
1003 1227 1202 1286 εὐθεῖα
1243 1228 1398 1295 ἐκτὸς
1435 1240 1678 1285 πεσεῖται
1718 1231 1820 1285 τοῦ

118 1321 343 1378 κύκλου.
408 1319 615 1392 ὁμοίως
652 1319 722 1391 δὴ
765 1321 1044 1390 δείξομεν,
1086 1315 1171 1375 ὅτι
1212 1316 1346 1374 οὐδὲ
1386 1316 1468 1374 ἐπ’
1514 1315 1686 1390 αὐτῆς
1723 1321 1820 1389 τῆς

121 1414 503 1484 περιφερείας·
551 1408 710 1475 ἐντὸς
748 1407 873 1481 ἄρα.

33 1513 87 1553 15
227 1497 359 1556 Ἐὰν
405 1497 516 1570 ἄρα
561 1498 773 1555 κύκλου
820 1498 907 1553 ἐπὶ
954 1500 1051 1569 τῆς
1090 1500 1443 1569 περιφερείας
1474 1499 1670 1569 ληφθῇ
1712 1494 1817 1551 δύο

119 1588 358 1661 τυχόντα
390 1598 607 1659 σημεῖα,
650 1585 683 1659 ἡ
717 1587 802 1643 ἐπὶ
835 1584 903 1641 τὰ
936 1597 1136 1658 σημεῖα
1162 1585 1591 1657 ἐπιζευγνυμένη
1621 1581 1816 1640 εὐθεῖα

121 1676 277 1743 ἐντὸς
313 1689 558 1734 πεσεῖται
598 1679 700 1732 τοῦ
739 1675 973 1732 κύκλου·
1030 1672 1165 1746 ὅπερ
1207 1678 1318 1730 ἔδει
1354 1676 1543 1742 δεῖξαι.

935 1861 970 1909 γ
998 1883 1008 1894 .

228 1943 372 2002 Ἐὰν
422 1947 490 2002 ἐν
536 1943 757 2018 κύκλῳ
804 1940 1037 1999 εὐθεῖά
1088 1963 1189 2008 τις
1227 1939 1337 1997 διὰ
1376 1944 1494 1997 τοῦ
1534 1941 1819 2011 κέντρου

32 2049 90 2089 20
122 2032 399 2090 εὐθεῖάν
445 2055 595 2090 τινα
641 2054 723 2104 μη
771 2029 879 2087 διὰ
931 2033 1050 2086 τοῦ
1088 2031 1374 2102 κέντρου
1413 2032 1563 2101 δίχα
1602 2028 1821 2102 τέμνῃ,

120 2123 228 2179 καὶ
284 2120 444 2195 πρὸς
498 2119 711 2195 ὀρθὰς
766 2117 972 2191 αὐτὴν
1026 2120 1274 2191 τέμνει·
1343 2117 1451 2173 καὶ
1499 2118 1614 2174 ἐὰν
1658 2115 1821 2190 πρὸς

122 2210 334 2285 ὀρθὰς
373 2208 589 2282 αὐτὴν
627 2210 856 2283 τέμνῃ,
894 2208 1002 2264 καὶ
1043 2211 1195 2281 δίχα
1234 2204 1446 2279 αὐτὴν
1484 2207 1720 2279 τέμνει.

218 2299 399 2357 ’Έστω
438 2298 641 2365 κύκλος
681 2296 710 2354 ὁ
744 2301 923 2367 ΑΒΓ,
962 2296 1053 2352 καὶ
1095 2298 1156 2352 ἐν
1197 2294 1347 2373 αὐτῷ
1381 2293 1580 2351 εὐθεῖά
1611 2316 1694 2362 τις
1726 2294 1820 2351 διὰ

120 2393 223 2446 τοῦ
262 2390 498 2462 κέντρου
537 2385 572 2460 ἡ
612 2392 716 2443 ΓΔ
756 2384 990 2443 εὐθεῖάν
1029 2406 1156 2441 τινα
1195 2382 1270 2457 μὴ
1311 2382 1405 2440 διὰ
1446 2387 1550 2440 τοῦ
1587 2385 1822 2457 κέντρου

245 2580 555 2639 1.ΔΑ]ΑΔ
586 2579 640 2623 V.
766 2584 805 2622 2.
843 2579 1000 2637 ΔΖΕ]
1034 2575 1180 2634 PBp3
1216 2575 1256 2621 V
1290 2591 1351 2622 m.
1380 2581 1426 2631 1;
1461 2578 1549 2620 ΔΖ
1582 2571 1660 2621 ἐπὶ
1692 2573 1743 2621 τὸ
1780 2579 1820 2621 Ε

124 2642 167 2686 V
199 2656 258 2686 m.
285 2645 334 2695 23
373 2639 424 2683 in
455 2640 490 2684 F
523 2639 631 2696 post
663 2641 751 2682 AZ
783 2651 898 2683 eras.
934 2639 975 2682 E
1006 2638 1056 2683 et
1086 2631 1165 2681 ἐπὶ
1196 2633 1248 2681 τό
1283 2649 1425 2693 supra
1455 2650 1540 2681 ser.
1573 2650 1634 2681 m.
1660 2640 1701 2681 2.

125 2706 166 2746 3.
203 2697 306 2745 ἐπεὶ
338 2691 446 2756 οὖν]
479 2697 558 2743 καὶ
592 2693 704 2743 ἐπεί
726 2697 776 2743 Ρ.
840 2702 882 2742 4.
914 2692 944 2753 ἡ
976 2697 1125 2753 γωνία
1157 2691 1185 2769 ᾗ
1219 2695 1270 2740 Ρ.
1363 2691 1613 2754 τριγώνου]
1647 2695 1699 2739 in
1729 2707 1820 2741 ras.

126 2773 277 2817 comp.
309 2774 370 2803 m.
398 2764 423 2803 2
457 2758 512 2803 V.
673 2762 714 2802 5.
746 2756 902 2815 ΑΕΒ]
935 2756 1041 2813 ΡΒ,
1072 2770 1105 2813 p
1137 2756 1184 2812 (η
1218 2760 1275 2799 A·
1308 2755 1357 2798 in
1387 2756 1518 2812 ποδὸς
1562 2756 1647 2798 ΕΒ
1681 2766 1821 2811 supra.

126 2833 210 2863 scr.
246 2822 280 2862 A
312 2833 373 2863 m.
400 2823 426 2862 2
459 2817 517 2873 1⁴³3
549 2819 637 2861 ΑΕ
669 2812 748 2861 ἐπὶ
779 2812 831 2860 τὸ
866 2819 902 2860 Β
935 2815 977 2860 V
1009 2828 1034 2860 e
1066 2829 1182 2860 corr.
1324 2818 1391 2858 10.
1424 2813 1502 2872 τῇ]
1535 2813 1617 2869 τῆς
1647 2813 1697 2858 F.

125 2875 220 2934 ἄρα
251 2878 337 2922 καί
362 2892 410 2935 p.
534 2881 602 2921 13.
636 2872 718 2934 δή]
752 2889 867 2920 corr.
903 2889 959 2920 ex
990 2873 1045 2919 δέ
1077 2889 1139 2918 m.
1166 2878 1191 2917 2
1226 2872 1279 2917 V.
1436 2876 1504 2917 14.
1536 2869 1631 2930 ἄρα
1663 2863 1820 2918 πεσεῖ·
1891 2900 1897 2918 ;

125 2952 204 2981 ται
234 2935 282 2982 P.
411 2940 478 2982 15.
511 2931 687 3002 κύκλου
719 2930 814 2992 ἄρα
844 2949 890 2992 p.
1030 2938 1096 2979 16.
1133 2937 1303 2990 σημεῖα
1334 2928 1538 2989 τυχόντα
1567 2946 1614 2989 p.
1736 2927 1818 2990 τά]
