1956 3074
527 125 987 168 ELEMENTORUM
1015 125 1198 167 LIBER
1228 126 1309 168 111.
1677 123 1780 178 169

92 246 233 301 radii
269 247 412 300 sunt.
489 246 672 315 itaque
712 247 1043 307 LAAH==
1067 247 1247 298 HAB
1290 243 1354 314 [I‚
1380 245 1455 311 8].
1525 245 1617 298 ubi
1655 263 1786 299 uero

94 338 242 389 recta
265 351 425 404 super
447 336 650 387 rectam
675 334 854 386 erecta
880 333 1111 403 angulos
1136 332 1386 401 deinceps
1410 333 1620 402 positos
1645 334 1788 387 inter
1834 398 1865 433 ,

95 442 153 478 se
192 424 439 493 aequales
479 421 661 491 efficit,
700 424 923 492 uterque
964 422 1193 491 angulus
1229 422 1469 491 aequa-lis
1493 425 1671 475 rectus
1705 425 1790 475 est

97 513 147 581 [I
170 512 271 568 def.
300 514 406 580 lO].
437 511 621 582 itaque
645 517 680 574 L
696 514 761 564 H
764 516 820 564 A
829 514 876 564 B
899 513 1077 564 rectus
1116 513 1213 564 est.
1253 510 1346 563 sed
1372 510 1533 564 etiam
1561 515 1596 573 L
1621 513 1731 563 ZA
1740 515 1787 565 Β

93 605 269 656 rectus
293 604 387 655 est.
418 601 604 671 itaque
629 606 664 663 L
690 604 800 654 ΖΔ
808 604 856 654 Β
882 625 952 643 =
977 603 1043 653 Η
1046 603 1101 652 Δ
1109 603 1156 652 Β
1181 599 1353 653 maior
1383 599 1607 668 minori3
1645 600 1787 669 quod

96 691 214 744 fieri
266 708 377 743 non
426 693 624 760 potest.
706 708 872 760 quare
920 693 986 742 H
1025 693 1268 744 centrum
1314 706 1426 742 non
1472 691 1556 742 est
1602 688 1790 743 circuli

97 786 151 834 A
159 781 277 833 ΒΓ.
318 778 570 832 similiter
594 778 1084 832 demonstrabimus
1108 796 1176 831 ne
1201 776 1350 830 aliud
1374 777 1592 848 quidem
1615 779 1789 832 ullum

95 872 377 939 punctum.
391 871 634 921 centrum
673 885 791 922 esse
829 870 1042 937 praeter
1075 871 1135 920 Z.

206 956 355 1027 Ergo
396 960 440 1010 Z
479 960 739 1026 punctum
779 959 1023 1010 centrum
1063 959 1146 1009 est
1186 956 1371 1010 circuli
1411 959 1591 1010 ΑΒΓ.

721 1102 1179 1159 Corollarium.

207 1208 352 1264 Hinc
407 1207 752 1262 manifestum
807 1211 914 1278 est,
971 1208 1018 1261 si
1066 1208 1124 1261 in
1171 1208 1370 1262 circulo
1416 1211 1565 1262 recta
1611 1209 1793 1278 aliqua

98 1299 260 1358 aliam
305 1302 511 1352 rectam
557 1298 616 1351 in
663 1297 796 1352 duas
843 1302 1025 1367 partes
1066 1298 1318 1368 aequales
1359 1300 1414 1351 et
1454 1298 1523 1351 ad
1563 1298 1791 1369 angulos

98 1390 274 1440 rectos
316 1389 473 1455 secet,
515 1390 758 1440 centrum
795 1386 981 1440 circuli
1011 1387 1070 1440 in
1101 1390 1249 1441 recta
1278 1387 1487 1445 secanti
1520 1405 1652 1440 esse.
1666 1384 1788 1458 ¹)—

102 1475 247 1544 quod
284 1475 572 1545 oportebat
609 1476 740 1529 fieri.

918 1637 988 1694 II.

215 1739 272 1793 Si
311 1740 370 1792 in
408 1742 615 1795 ambitu
655 1742 843 1795 circuli
881 1742 986 1795 duo
1027 1742 1299 1811 quaelibet
1336 1745 1540 1812 puncta
1575 1747 1795 1813 sumpta

102 1831 281 1897 erunt,
326 1833 476 1882 recta
521 1833 723 1899 puncta
771 1831 1101 1901 coniungens
1139 1832 1285 1884 intra
1324 1831 1583 1885 circulum
1624 1832 1794 1886 cadet.

215 1916 296 1971 Sit
334 1918 564 1972 circulus
589 1922 767 1988 ΑΒΓ,
806 1923 861 1972 et
899 1920 958 1973 in
995 1920 1203 1974 ambitu
1235 1921 1348 1973 eius
1382 1920 1486 1974 duo
1520 1921 1796 1990 quaelibet

100 2010 302 2075 puncta
340 2011 624 2061 sumantur
663 2012 736 2077 A,
777 2012 840 2063 Β.
880 2009 1015 2079 dico,
1054 2012 1258 2064 rectam
1297 2010 1365 2063 ab
1407 2014 1458 2063 A
1493 2010 1560 2062 ad
1593 2014 1640 2064 B
1672 2010 1794 2064 duc-

101 2098 215 2148 tam
253 2096 399 2151 intra
438 2096 698 2150 circulum
738 2115 986 2151 casuram
1027 2117 1160 2152 esse.
1288 2086 1292 2090 Α

211 2183 295 2238 Ne
334 2186 493 2239 cadat
530 2187 687 2255 enim,
726 2187 836 2256 sed,
876 2188 923 2241 si
962 2188 1080 2241 fieri
1117 2191 1313 2257 potest,
1353 2187 1513 2242 cadat
1552 2191 1704 2244 extra
1734 2193 1796 2243 ut

225 2364 267 2419 1)
299 2362 421 2407 Nam
452 2361 501 2406 in
521 2365 605 2407 ΓΔ
635 2363 685 2408 in
715 2363 872 2408 media
887 2369 922 2407 A
932 2367 968 2408 B
991 2363 1372 2432 perpendiculari
1397 2366 1553 2411 erecta
1585 2367 1795 2412 centrum

104 2422 205 2465 erat
228 2421 452 2478 positum3
486 2424 693 2467 ceterum
715 2423 805 2468 hoc
830 2422 1130 2468 corollarium
1157 2422 1292 2479 quasi
1315 2424 1638 2480 parenthetice
1661 2426 1794 2482 poni·

102 2481 193 2534 tur,
226 2480 294 2525 ita
325 2483 377 2524 ut
406 2477 607 2526 uerba
581 2498 697 2538 οπερ
733 2480 830 2527 ἔδει
862 2483 1058 2540 ποιῆσαι
1087 2482 1168 2527 lin.
1198 2488 1252 2527 14
1278 2484 1337 2527 ad
1368 2483 1524 2540 ipsum
1548 2485 1793 2541 problema

104 2538 435 2594 Ireferuntun
468 2540 548 2585 cfr.
581 2542 660 2597 111,
672 2499 757 2597 ρ,16
791 2540 851 2587 al.

107 2676 175 2717 14.
210 2669 335 2717 ἐστίν
367 2674 421 2720 V.
566 2675 782 2745 ποιῆσαι]
815 2676 969 2730 δεῖξαι
1000 2676 1049 2720 Ρ.
1173 2670 1289 2732 ὅπερ
1324 2673 1424 2721 ἔδει
1455 2676 1671 2748 ποιῆσαι]
1705 2690 1796 2721 om.

105 2744 150 2833 ιθ.
263 2736 343 2836 218.
378 2739 547 2791 σημεῖα
579 2730 782 2791 τυχόντα
813 2750 858 2792 p.
982 2732 1060 2793 τά]
1093 2734 1232 2792 PBp,
1264 2735 1306 2779 V
1330 2749 1390 2780 m
1420 2741 1465 2790 13
1498 2731 1556 2781 τὰ
1590 2731 1711 2780 αὐτοὶ
1743 2734 1792 2793 F,

177 2805 238 2834 m.
