1956 3074
905 630 1008 692 III.

740 771 1209 827 Definitiones.

233 876 275 932 I.
317 876 586 947 Aequales
619 876 807 931 circuli
839 881 982 947 sunt,
1013 894 1243 946 quorum
1284 875 1534 930 diametri
1564 877 1815 948 aequales

118 970 263 1037 sunt,
301 967 390 1020 uel
430 983 659 1037 quorum
697 965 835 1019 radii
875 965 1142 1035 aequales.

229 1056 299 1110 H.
338 1055 521 1109 Recta>
546 1055 806 1109 circulum
844 1055 1162 1124 contingere
1201 1053 1414 1122 dicitur,
1467 1071 1814 1124 quaecunque

119 1146 378 1200 circulum
415 1147 650 1215 tangens
691 1148 746 1197 et
783 1144 1049 1214 producta
1086 1160 1199 1196 non
1240 1145 1390 1196 secat
1428 1143 1699 1195 circulum.

228 1233 326 1288 ΠΙ.
365 1232 564 1288 Circuli
595 1234 739 1287 inter
782 1251 837 1287 se
873 1233 1186 1303 contingere
1213 1231 1478 1301 dicuntur,
1510 1232 1815 1302 quicunque

120 1324 262 1376 inter
301 1341 357 1376 se
397 1325 683 1394 tangentes
721 1342 833 1377 non
873 1325 1058 1377 secant
1094 1322 1238 1374 inter
1278 1339 1349 1374 se.

232 1411 326 1465 IV.
367 1412 432 1465 In
456 1413 655 1465 circulo
686 1415 868 1467 rectae
894 1410 1107 1481 aequali
1137 1411 1315 1480 spatio
1343 1429 1375 1464 a
1402 1414 1587 1464 centro
1613 1410 1816 1463 distare

123 1500 397 1568 dicuntur,
453 1502 498 1553 si
550 1504 731 1554 rectae
778 1520 810 1554 a
857 1503 1043 1554 centro
1091 1500 1159 1552 ad
1210 1517 1302 1552 eas
1342 1499 1815 1568 perpendiculares

124 1589 315 1643 ductae
354 1590 605 1659 aequales
645 1593 786 1643 sunt.

235 1676 299 1731 V.
338 1676 542 1731 Maiore
575 1682 756 1732 autem
788 1678 963 1748 spatio
995 1677 1196 1731 distare
1229 1695 1294 1732 ea
1322 1677 1534 1747 dicitur,
1564 1679 1621 1731 in
1653 1695 1815 1749 quam

124 1766 300 1819 maior
335 1766 796 1836 perpendicularis
837 1767 995 1821 cadit.

232 1853 326 1907 VI.
367 1852 718 1925 Segmentum
758 1857 944 1909 circuli
984 1861 1067 1910 est
1096 1857 1273 1928 figura
1306 1875 1338 1910 a
1367 1859 1515 1910 recta
1548 1855 1732 1926 aliqua
1762 1859 1816 1909 et

123 1961 250 1997 arcu
287 1943 476 1997 circuli
514 1942 970 2016 comprehensa.¹)

233 2031 355 2087 VH.
395 2031 674 2103 Segmenti
721 2037 902 2087 autem
952 2035 1185 2106 angulus
1224 2035 1271 2088 is
1313 2038 1417 2105 est,
1466 2035 1558 2105 qui
1598 2053 1630 2088 a
1667 2038 1816 2088 recta

122 2126 176 2174 et
218 2138 346 2174 arcu
385 2122 571 2175 circuli
609 2117 1096 2192 comprehenditur.

232 2208 383 2265 VIII.
422 2211 672 2282 Angulus
723 2215 902 2266 autem
949 2213 1005 2266 in
1054 2217 1335 2284 segmento
1383 2214 1592 2283 positus
1631 2213 1677 2266 is
1718 2216 1816 2283 est,

120 2300 212 2369 qui
253 2303 467 2368 sumpto
507 2301 565 2353 in
605 2319 733 2354 arcu
773 2302 1039 2372 segmenti
1077 2306 1280 2372 puncto
1323 2302 1504 2373 aliquo
1546 2306 1600 2356 et
1640 2302 1707 2356 ab
1750 2320 1812 2355 eo

239 2448 282 2501 1)
317 2446 408 2491 Cfr.
443 2450 540 2492 not.
573 2447 674 2491 crit.
708 2447 770 2492 ad
802 2462 847 2505 p.
873 2453 973 2503 6,1.

117 2565 165 2606 p.
251 2554 291 2594 3.
317 2547 396 2608 αἱ]
420 2548 578 2597 insert.
604 2566 665 2597 m.
686 2557 707 2596 1
735 2551 784 2597 P.
875 2553 972 2597 ἴσαι
989 2551 1139 2617 εἰσίν]
1142 2548 1246 2598 εὖ..
1268 2567 1363 2598 σ.ιν
1386 2552 1707 2599 intercedente
1722 2567 1812 2598 ras.

122 2613 178 2653 10
207 2607 299 2653 litt.
330 2608 380 2654 F.
487 2614 525 2656 5.
559 2608 706 2669 τέμνῃ
737 2610 792 2666 V,
828 2612 909 2656 sed
942 2626 1057 2657 corr.
1175 2618 1216 2683 6.
1238 2589 1360 2656 Post
1390 2609 1563 2656 κύκλον
1596 2612 1703 2657 add.
1737 2606 1815 2656 ἐπὶ

119 2665 351 2724 μηδέτερα
381 2665 500 2725 μέρη
530 2668 589 2724 P,
621 2627 746 2715 idem
777 2670 881 2716 loco
911 2671 1130 2717 uocabuli
1163 2666 1219 2716 οὗ
1252 2671 1397 2743 Hero,
1430 2669 1645 2727 Boetius,
1680 2671 1812 2716 Cam-

121 2738 282 2797 panus.
375 2730 414 2771 ’1.
447 2726 569 2773 Ante
601 2725 765 2775 κύκλοι
795 2745 884 2775 ras.
904 2730 1039 2776 mitt.
1058 2730 1114 2775 V.
1225 2734 1263 2775 9.
1299 2726 1416 2789 ἄπο]
1448 2743 1535 2774 om.
1554 2730 1611 2787 V,
1642 2730 1782 2776 Hero.

124 2788 192 2827 11.
218 2798 302 2828 ωσι
331 2800 376 2843 p.
499 2790 568 2832 12.
602 2803 623 2832 ε
633 2784 668 2846 ’]
702 2803 808 2835 cum
840 2789 930 2836 def.
948 2795 978 2835 4
1010 2788 1249 2835 coniunxit
1278 2805 1321 2847 p.
1449 2795 1516 2835 14.
1553 2765 1679 2835 ἐστίν
1709 2789 1766 2835 V.

131 2847 199 2888 15.
238 2843 353 2889 Post
382 2860 469 2918 usp
531 2848 686 2904 ερείας
724 2863 756 2906 p
795 2864 888 2907 mg.
922 2865 982 2894 m.
1011 2855 1032 2893 1
1076 2862 1160 2907 pro
1193 2848 1371 2894 scholio
1404 2849 1509 2897 add.
1526 2843 1570 2921 ἢ
1583 2851 1816 2923 μείζονος

122 2897 406 2957 quantulum
429 2920 458 2959 η
441 2861 730 2959 5ngaa'tt‘tovoc
753 2903 1057 2966 ἡμικυκλίου;
1092 2908 1169 2953 cfr.
1188 2907 1327 2954 Hero.
1424 2913 1491 2953 19.
1510 2903 1578 2953 οῗπ
1583 2905 1618 2967 ’]
1638 2905 1734 2954 οἶπό
1760 2909 1810 2955 Ρ.
