1956 3074
200 97 273 149 62
831 99 1167 141 ΣΤΟΙΧΕΙΩΝ
1198 93 1264 142 α’.

986 215 1098 276 σις’.

308 315 454 374 Ἐὰν
495 318 615 374 δύο
655 312 945 392 τρίγωνα
983 318 1096 384 τὰς
1137 318 1257 374 δύο
1297 325 1541 390 γωνίας
1580 321 1730 377 δυσὶ
1771 344 1890 391 γω-

199 412 381 472 νίαις
421 413 566 473 ἴσας
597 411 705 481 ἔχῃ
741 408 1054 482 ἑκατέραν
1087 408 1359 483 ἑκατέρᾳ
1390 410 1496 464 καὶ
1522 414 1678 480 μίαν
1701 416 1892 465 πλευ-
1952 459 1956 466 .

201 494 324 568 ρὰν
363 499 479 569 μιᾷ
518 499 767 569 πλευρᾷ
810 503 960 568 ἴσην
998 495 1143 567 ἤτοι
1182 498 1302 568 τὴν
1339 497 1499 568 πρὸς
1536 509 1678 563 ταῖς
1718 505 1894 564 ἴσαις

58 628 70 637 .
142 596 167 635 5
200 589 476 656 γωνίαις
537 581 571 655 ἢ
626 583 744 656 τὴν
806 583 1296 640 ὑποτείνουσαν
1359 583 1482 640 ὑπὸ
1548 590 1703 657 μίαν
1766 591 1893 642 τῶν

203 680 363 745 ἴσων
402 677 689 745 γωνιῶν,
722 674 831 728 καὶ
869 672 980 739 τὰς
1012 671 1245 738 λοιπὰς
1277 673 1561 746 πλευρὰς
1584 685 1726 740 ταῖς
1756 681 1892 730 λοι-

158 804 160 806 -
200 773 349 828 παῖς
417 768 735 835 πλευραῖς
798 769 943 828 ἴσας
1007 763 1138 829 ἕξει
1203 762 1542 834 [ἑκατέραν
1598 763 1891 838 ἑκατέρᾳ]

200 851 305 905 καὶ
344 848 463 922 τὴν
502 837 743 922 λοιπὴν
781 856 1037 921 γωνίαν
1073 853 1148 923 τῇ
1187 854 1382 922 λοιπῇ
1424 856 1646 925 γωνίᾳ.

299 938 477 994 ’Έστω
519 941 622 995 δύο
662 944 906 1010 τρίγωνα
943 938 1010 994 τὰ
1052 944 1241 1009 ΑΒΓ,
1297 945 1467 993 ΔΕΖ
1505 938 1604 1006 τὰς
1643 939 1748 995 δύο
1788 962 1894 1011 γω-

115 1039 168 1078 10
201 1033 325 1094 νίας
363 1027 460 1094 τὰς
499 1026 606 1084 ὑπὸ
633 1033 826 1097 ΑΒΓ,
865 1033 1024 1084 ΒΓΑ
1057 1029 1184 1083 δυσὶ
1217 1039 1337 1094 ταῖς
1360 1026 1468 1084 ὑπὸ
1497 1034 1691 1098 ΔΕΖ,
1725 1034 1894 1083 ΕΖΔ

201 1123 325 1183 ἴσας
364 1121 562 1188 ἔχοντα
602 1117 867 1188 ἑκατέραν
908 1117 1155 1191 ἑκατέρᾳ,
1195 1116 1295 1188 τὴν
1336 1116 1437 1188 μὲν
1476 1114 1587 1172 ὑπὸ
1632 1121 1803 1172 ΑΒΓ
1825 1120 1891 1190 τῇ
1924 1174 1937 1194 .

199 1203 309 1261 ὑπὸ
351 1211 538 1277 ΔΕΖ,
578 1205 683 1277 τὴν
721 1205 783 1260 δὲ
822 1203 930 1261 ὑπὸ
964 1209 1121 1260 ΒΓΑ
1151 1209 1218 1279 τῇ
1262 1203 1366 1261 ὑπὸ
1402 1211 1591 1260 ΕΖΔ·
1634 1206 1797 1278 ἐχέτω
1831 1205 1894 1261 δὲ

199 1295 291 1349 καὶ
324 1299 458 1365 μιάν
489 1293 737 1367 πλευρὰν
770 1297 869 1367 μιᾷ
902 1296 1115 1367 πλευρᾷ
1143 1300 1288 1364 ἴσην,
1319 1292 1594 1364 πρότερον
1619 1292 1724 1365 τὴν
1755 1293 1894 1365 πρὸς

199 1394 320 1449 ταῖς
358 1390 503 1449 ἴσαις
542 1388 772 1454 γωνίαις
809 1382 913 1454 τὴν
934 1387 1045 1438 ΒΓ
1074 1385 1139 1454 τῇ
1181 1388 1304 1437 ΕΖ·
1345 1384 1506 1454 λέγω,
1547 1382 1631 1439 ὅτι
1670 1384 1763 1439 καὶ
1796 1382 1894 1449 τὰς

114 1481 168 1520 15
199 1471 397 1537 λοιπὰς
442 1469 683 1542 πλευρὰς
726 1483 846 1537 ταῖς
892 1477 1111 1536 λοιπαῖς
1156 1477 1419 1543 πλευραῖς
1466 1479 1587 1537 ἴσας
1627 1473 1733 1538 ἔξει
1773 1472 1893 1526 ἑκα-

199 1561 365 1634 τέραν
413 1561 666 1634 ἑκατέρᾳ,
714 1558 817 1631 τὴν
865 1559 966 1631 μὲν
1014 1565 1124 1615 ΑΒ
1171 1563 1236 1632 τῇ
1280 1565 1397 1614 ΔΕ
1431 1559 1535 1631 τὴν
1580 1559 1642 1615 δὲ
1682 1565 1796 1616 ΑΓ
1825 1563 1892 1634 τῇ

202 1655 329 1721 ΔΖ,
368 1650 461 1705 καὶ
499 1648 602 1722 τὴν
641 1648 845 1720 λοιπὴν
884 1653 1098 1719 γωνίαν
1129 1650 1195 1721 τῇ
1226 1651 1391 1721 λοιπῇ
1417 1653 1615 1724 γωνίᾳ,
1657 1647 1758 1720 τὴν
1782 1647 1890 1704 ὑπὸ

200 1741 371 1792 ΒΑΓ
401 1741 465 1810 τῇ
506 1735 616 1794 ὑπὸ
659 1744 841 1793 ΕΔΖ.

312 1830 384 1881 Εἴ
420 1825 526 1899 γὰρ
568 1825 765 1892 ἄνισός
804 1824 1011 1898 ἐστινὴ
1039 1831 1145 1880 ΑΒ
1172 1829 1238 1898 τῇ
1265 1832 1395 1896 ΔΕ,
1428 1830 1525 1896 μία
1551 1824 1740 1882 αὐτῶν
1778 1830 1893 1898 μεί-

111 1926 167 1966 20
202 1920 307 1982 ζων
349 1916 512 1971 ἐστίν.
554 1920 691 1971 ἔστω
732 1920 932 1988 μείζων
971 1912 1158 1986 ἡΑΒ,
1198 1914 1289 1968 καὶ
1321 1917 1530 1969 κείσθω
1561 1918 1627 1987 τῇ
1663 1923 1717 1969 Δ
1730 1921 1779 1970 Ε
1800 1921 1891 1986 ἴση

199 2001 233 2074 ἡ
274 2010 404 2073 ΒΗ,
443 2004 534 2059 καὶ
575 2003 885 2077 ἐπεζεύχθω
925 2002 959 2075 ἡ
1000 2008 1125 2060 ΗΓ.

306 2090 452 2148 Ἐπεὶ
500 2086 606 2149 οὖν
645 2099 737 2164 ἴση
779 2093 928 2148 ἐστὶν
966 2090 1000 2164 ἡ
1042 2091 1144 2164 μὲν
1183 2097 1306 2146 ΒΗ
1335 2095 1400 2164 τῇ
1444 2097 1573 2161 ΔΕ,
1612 2089 1646 2162 ἡ
1690 2091 1751 2147 δὲ
1789 2096 1900 2147 ΒΓ

198 2185 264 2255 τῇ
303 2188 426 2252 ΕΖ,
467 2181 572 2238 δύο
614 2181 684 2253 δὴ
725 2185 787 2237 αἱ
822 2188 949 2253 ΒΗ,
989 2187 1099 2237 ΒΓ
1132 2180 1260 2236 δυσὶ
1298 2190 1419 2245 ταῖς
1458 2186 1585 2252 ΛΕ,
1634 2187 1735 2235 ΕΖ
1776 2187 1893 2236 ἴσαι

200 2271 343 2326 εἰσὶν
383 2271 613 2344 ἑκατέρα
654 2271 901 2345 ἑκατέρᾳ·
940 2271 1032 2326 καὶ
1072 2274 1250 2341 γωνία
1288 2266 1323 2340 ἡ
1362 2266 1471 2324 ὑπὸ
1505 2273 1684 2324 ΗΒΓ
1714 2273 1891 2342 γωνίᾳ

112 2371 166 2410 25
199 2363 266 2432 τῇ
313 2357 421 2415 ὑπὸ
472 2366 642 2415 ΔΕΖ
691 2367 781 2430 ἴση
830 2362 999 2415 ἐστίν·
1051 2358 1214 2429 βάσις
1254 2356 1363 2431 ἄρα
1402 2355 1435 2429 ἡ
1475 2362 1594 2413 ΗΓ
1626 2357 1785 2427 βάσει
1824 2359 1890 2429 τῇ

201 2454 311 2502 ΔΖ
352 2454 444 2519 ἴση
485 2450 661 2519 ἐστίν,
708 2448 800 2503 καὶ
838 2446 900 2504 τὸ
942 2452 1118 2502 ΗΒΓ
1148 2452 1424 2520 τρίγωνον
1463 2449 1539 2522 τῷ
1574 2451 1742 2501 ΔΕΖ
1780 2467 1891 2516 τρι·
1935 2492 1938 2495 .

317 2611 481 2657 XXVI.
518 2611 783 2669 Olympiod.
814 2611 864 2655 in
887 2611 1128 2657 meteorol.
1154 2609 1197 2654 II
1220 2625 1264 2666 p.
1286 2615 1384 2655 110.
1418 2609 1612 2654 Boetius
1636 2623 1679 2665 p.
1700 2612 1801 2663 382,
1822 2613 1890 2651 17.

318 2781 360 2821 2.
393 2773 498 2833 τοῖς]
533 2789 621 2820 om.
655 2774 874 2819 Proclus.·
1016 2773 1149 2831 δυσί]
1185 2769 1271 2817 δύο
1302 2771 1517 2826 Proclus3
1561 2776 1664 2822 ταῖς
1695 2772 1807 2814 δυσί
1833 2771 1888 2826 V,

201 2833 573 2891 OlympiodoruS.
720 2839 759 2879 3.
793 2833 901 2891 καί]
937 2830 1018 2891 ἔχῃ
1053 2829 1106 2876 δὲ
1139 2833 1226 2876 καί
1252 2831 1458 2876 Proelus.
1584 2835 1622 2875 7.
1659 2825 1889 2884 ἑκατέραν

203 2890 423 2954 ἑκατέρᾳ]
461 2908 550 2938 om.
584 2893 796 2947 Proclus3
830 2892 909 2937 cfr.
943 2907 988 2949 p.
1014 2895 1174 2949 66,15.
1319 2894 1360 2935 8.
1392 2890 1541 2951 γωνίᾳ
1574 2890 1678 2947 ἴσην
1713 2886 1807 2943 ἕξει
1837 2889 1896 2945 F,·
