1956 3074
228 71 339 124 234
867 74 1203 117 ΣΤοΙΧΕῙΩΝ
1233 70 1296 129 γ’.

342 194 415 245 Εἰ
459 188 565 262 γὰρ
613 190 809 256 ἄνισός
856 193 1004 247 ἐστιν
1055 189 1089 262 ἡ
1130 189 1239 246 ὑπὸ
1281 195 1455 246 ΒΗΓ
1485 195 1550 264 τῇ
1591 189 1698 247 ὑπὸ
1740 198 1918 263 ΕΘΖ,

228 284 327 350 μία
374 278 563 336 αὐτῶν
609 285 808 351 μείζων
849 281 1014 335 ἐστίν.
1092 283 1228 335 ἔστω
1270 283 1468 350 μείζων
1507 277 1541 351 ἡ
1582 278 1690 335 ὑπὸ
1732 286 1919 351 ΒΗΓ,

228 368 322 423 καὶ
361 368 676 425 συνεστάτω
717 368 855 442 πρὸς
887 372 951 442 τῇ
986 373 1107 422 ΒΗ
1131 366 1326 441 εὐθείᾳ
1361 367 1454 423 καὶ
1494 372 1568 444 τῷ
1610 367 1747 439 πρὸς
1778 367 1918 442 αὐτῇ

229 462 434 533 σημείῳ
475 461 550 533 τῷ
592 464 656 512 Η
686 462 750 531 τῇ
790 456 900 513 ὑπὸ
949 463 1108 513 ΕΘΖ
1147 461 1325 530 γωνίᾳ
1365 463 1456 527 ἴση
1497 454 1530 527 ἡ
1571 454 1678 512 ὑπὸ
1719 463 1916 513 ΒΗΚ·

165 562 194 602 5
229 548 291 600 αί
342 546 404 601 δὲ
459 553 574 602 ἴσαι
621 551 821 618 γωνίαι
869 545 955 601 ἐπὶ
1004 552 1142 601 ἴσων
1192 548 1559 617 περιφερειῶν
1599 545 1919 618 βεβήκασιν,

229 632 365 690 ὅταν
404 633 542 707 πρὸς
580 647 697 700 τοῖς
734 636 985 707 κέντροις
1024 628 1193 690 ὦσιν·
1259 641 1350 704 ἴση
1398 632 1508 706 ἄρα
1548 632 1580 705 ἡ
1622 640 1736 689 ΒΚ
1771 655 1919 707 περι-

227 724 423 795 φέρεια
461 727 527 796 τῇ
570 730 676 779 ΕΖ
714 728 1050 798 περιφερείᾳ.
1129 720 1334 793 ἀλλὰὴ
1375 728 1480 777 ΕΖ
1520 726 1585 795 τῇ
1627 729 1736 779 ΒΓ
1769 725 1918 779 ἐστιν

229 818 349 882 ἴση·
412 813 505 867 καὶ
552 810 586 884 ἡ
628 818 741 867 ΒΚ
777 811 888 883 ἄρα
927 817 991 886 τῇ
1031 817 1141 867 ΒΓ
1174 813 1323 867 ἐστιν
1365 819 1455 882 ἴση
1497 809 1530 883 ἡ
1573 811 1814 868 ἐλάττων
1853 815 1917 884 τῇ

227 904 461 970 μείζονι·
500 899 634 973 ὅπερ
676 903 826 957 ἐστὶν
867 900 1169 958 ἀδύνατον.
1244 898 1347 970 οὐκ
1386 899 1496 971 ἄρα
1535 899 1730 966 ἄνισός
1770 902 1918 956 ἐστιν

139 985 259 1060 1οη
299 986 409 1045 ὑπὸ
452 995 629 1046 ΒΗΓ
659 995 837 1062 γωνία
874 994 939 1063 τῇ
980 987 1090 1045 ὑπὸ
1136 995 1320 1044 ΕΘΖ·
1379 997 1469 1060 ἴση
1510 988 1633 1058 ἄρα.
1673 994 1770 1044 καί
1806 991 1918 1046 ἐστι

225 1081 324 1149 τῆς
361 1077 464 1149 μὲν
502 1076 612 1135 ὑπὸ
646 1084 821 1134 ΒΗΓ
846 1077 1070 1151 ἡμίσεια
1108 1075 1142 1150 ἡ
1175 1077 1315 1150 πρὸς
1353 1081 1428 1153 τῷ
1463 1086 1532 1148 Α,
1571 1081 1667 1149 τῆς
1709 1077 1770 1134 δὲ
1809 1075 1917 1134 ὑπὸ

226 1172 386 1221 ΕΘΖ
425 1165 646 1238 ἡμίσεια
685 1166 719 1239 ἡ
760 1167 899 1240 πρὸς
937 1172 1012 1243 τῷ
1057 1174 1138 1222 Δ·
1180 1174 1270 1238 ἴση
1313 1166 1421 1239 ἄρα
1459 1166 1551 1221 καὶ
1591 1164 1624 1237 ἡ
1666 1165 1804 1238 πρὸς
1841 1170 1916 1242 τῷ

226 1262 279 1310 A
315 1260 497 1326 γωνία
535 1259 600 1329 τῇ
641 1256 779 1329 πρὸς
816 1260 892 1332 τῷ
936 1264 1003 1313 Δ.

333 1342 426 1399 Ἐν
482 1343 592 1413 ἄρα
642 1356 759 1411 τοῖς
814 1352 957 1411 ἴσοις
1002 1344 1226 1409 κύκλοις
1273 1347 1335 1398 αἱ
1381 1344 1467 1400 ἐπὶ
1518 1351 1657 1399 ἴσων
1696 1363 1916 1415 περιφε-

138 1448 192 1488 15
227 1436 396 1505 ρειῶν
449 1437 743 1505 βεβηκυῖαι
796 1438 998 1504 γωνίαι
1039 1441 1154 1489 ἴσαι
1194 1431 1460 1504 ἀλλήλαις
1501 1436 1666 1503 εἰσίν,
1722 1432 1820 1488 ἐάν
1860 1454 1916 1487 τε

227 1519 364 1593 πρὸς
402 1532 519 1587 τοῖς
556 1523 804 1595 κέντροις
845 1522 944 1578 ἐάν
982 1544 1038 1578 τε
1079 1520 1218 1595 πρὸς
1256 1533 1376 1588 ταῖς
1408 1526 1782 1594 περιφερείαις
1813 1514 1916 1577 ὦσι

224 1614 544 1681 βεβηκυῖαι·
586 1609 721 1683 ὅπερ
763 1615 874 1667 ἔδει
917 1613 1105 1678 δεῖξαι.

1013 1730 1127 1801 κη’.

333 1817 435 1873 Ἐν
481 1830 619 1886 τοῖς
667 1827 839 1886 ἴσοις
877 1818 1148 1884 κύκλοις
1187 1821 1256 1873 αἱ
1292 1826 1431 1874 ἴσαι
1472 1815 1732 1873 εὐθεῖαι
1773 1824 1917 1883 ἴσας

133 1923 192 1963 20
222 1913 650 1981 περιφερείας
689 1906 1058 1979 ἀφαιροῦσι
1097 1906 1213 1979 τὴν
1239 1906 1356 1977 μὲν
1380 1911 1647 1979 μείζονα
1673 1910 1744 1978 τῇ
1778 1910 1915 1977 μεί-

223 2002 363 2063 ζονι
402 1996 519 2068 τὴν
563 1995 632 2053 δὲ
673 1997 992 2053 ἐλάττονα
1030 1999 1102 2069 τῇ
1146 1995 1461 2051 ἐλάττονι.

319 2083 612 2140 ’Ἑστωσαν
653 2092 766 2141 ἴσοι
805 2084 999 2140 κύκλοι
1041 2087 1098 2140 οἰ
1128 2088 1308 2154 ΑΒΓ,
1352 2090 1536 2155 ΔΕΖ,
1577 2083 1668 2138 καὶ
1710 2085 1770 2139 ἐν
1801 2095 1916 2149 τοῖς

219 2172 449 2239 κύκλοις
495 2180 611 2229 ἴσαι
659 2170 877 2229 εὐθεῖαι
926 2178 1175 2229 ἔστωσαν
1223 2176 1284 2228 αἱ
1331 2178 1468 2242 AB,
1525 2178 1641 2228 ΔΕ
1675 2171 1772 2238 τὰς
1811 2171 1913 2243 μὲν

223 2267 406 2331 ΑΓΒ,
450 2267 621 2316 ΔΖΕ
647 2266 1000 2334 περιφερείας
1039 2266 1292 2333 μείζονας
1329 2261 1674 2333 ἀφαιροῦσαι
1712 2259 1810 2326 τὰς
1851 2260 1912 2316 δὲ

345 2403 382 2441 1.
417 2394 462 2440 εἰ
490 2392 580 2453 γὰρ
612 2391 774 2446 ἄνισός
801 2393 926 2439 ἔστιν
951 2391 978 2451 ἡ
1004 2391 1096 2439 ὑπὸ
1125 2397 1272 2438 ΒΗΓ
1290 2394 1344 2452 τῇ
1370 2389 1465 2438 ὑπὸ
1495 2394 1651 2467 ΕΘΖ]
1685 2394 1788 2447 PF;
1823 2407 1911 2438 om.

221 2456 284 2510 V;
326 2454 372 2501 εἰ
408 2453 496 2512 μὲν
536 2448 622 2499 οὖν
663 2451 690 2509 ἡ
732 2451 824 2499 ὑπὸ
861 2458 1007 2497 ΒΗΓ
1034 2456 1108 2510 ι”ση
1143 2451 1238 2498 ἐστὶ
1271 2450 1416 2510 (ἐστίν
1450 2453 1502 2507 Β)
1537 2453 1590 2511 τῇ
1624 2451 1716 2496 υπὸ
1752 2454 1913 2508 ΕΘΖ,

223 2512 451 2572 φανερόν,
484 2509 557 2560 ὅτι
588 2514 669 2558 καὶ
700 2510 728 2570 ἡ
763 2509 855 2558 ὑπὸ
891 2517 1026 2556 ΒΑΓ
1053 2514 1128 2568 ἴση
1156 2509 1252 2557 ἐστὶ
1278 2508 1422 2569 (ἐστίν
1447 2511 1498 2566 Β,
1533 2512 1693 2569 om.V)
1726 2512 1780 2571 τῇ
1815 2509 1908 2556 ὑπὸ

223 2577 379 2618 ΕΔΖ·
426 2572 472 2618 εἰ
501 2571 553 2618 δὲ
588 2569 644 2618 οὗ
678 2573 777 2630 Bp3
818 2573 868 2616 in
898 2571 941 2615 V
974 2573 1138 2617 eadem
1168 2586 1263 2629 mg.
1295 2587 1356 2616 m.
1382 2576 1407 2615 2
1442 2570 1647 2628 exceptis
1681 2569 1726 2616 εἰ
1755 2568 1807 2615 δὲ
1843 2569 1913 2628 οὔ,

222 2648 342 2690 quae
381 2634 431 2678 in
470 2634 603 2677 textu
634 2634 742 2677 sunt
772 2648 832 2677 m.
861 2636 883 2675 1
917 2630 982 2735 ἓεί
1011 2627 1058 2675 δ’
1094 2628 1182 2687 οὔ).
1237 2647 1307 2687 γρ.
1341 2629 1421 2674 καὶ
1454 2625 1621 2681 οὕτως·
1672 2628 1717 2675 εἰ
1744 2628 1831 2687 μέν
1858 2655 1912 2663 —

222 2696 363 2736 ΒΑΓ
396 2693 451 2750 τῇ
494 2689 587 2736 ὑπὸ
630 2695 767 2735 ΕΔΖ
807 2693 883 2747 ἴση
942 2692 1061 2734 στίν
1104 2689 1150 2735 εἰ
1179 2688 1231 2735 δὲ
1266 2685 1341 2761 ού,
1371 2691 1457 2747 μία
1488 2684 1647 2746 αὐτῶν
1680 2690 1850 2746 μείζων
1881 2685 1909 2745 ἡ

219 2748 315 2796 ὑπὸ
351 2755 510 2808 ΒΗΓ,
543 2750 623 2795 καὶ
656 2749 919 2795 συνεστάτω
954 2749 1037 2793 καὶ
1067 2750 1279 2805 καθεξῆς
1311 2765 1373 2799 ως
1405 2745 1457 2793 ἐν
1487 2749 1550 2806 τῷ
1583 2746 1784 2806 κειμένῳ
1816 2763 1911 2805 mg.

221 2827 282 2855 m.
313 2825 404 2856 rec.
437 2810 486 2854 P.
581 2809 841 2866 Campanus
874 2823 980 2853 cum
1011 2807 1092 2852 PF
1125 2808 1387 2853 concordat.
1489 2812 1529 2852 2.
1564 2809 1732 2864 μείζων
1765 2803 1912 2864 ἐστίν]

221 2869 321 2928 Bp;
356 2866 453 2915 ἐστι
485 2871 655 2927 μείζων
687 2869 796 2923 FV;
830 2870 998 2925 μείζων
1035 2867 1164 2912 ἔσται
1192 2867 1242 2913 Ρ.
1368 2865 1482 2911 ἔστω
1516 2866 1704 2924 μείζων]
1740 2881 1829 2912 om.
1863 2865 1912 2919 F,
