1956 3074
210 135 318 188 208
853 137 1190 179 ΣΤΟΙΧΕΙῼΝ
1220 132 1284 193 γ’.

210 250 245 324 ἡ
286 259 419 309 ΜΝ
463 255 528 326 τῇ
569 259 679 308 ΒΓ
720 255 946 325 ἐδείχθη
988 261 1079 325 ἴση
1122 254 1235 322 [καὶ
1274 251 1308 325 ἡ
1356 259 1467 309 ΒΓ
1502 259 1599 326 τῆς
1634 260 1758 310 ΖΗ
1787 260 1899 326 μεί-

214 346 320 408 ζων
353 343 544 421 ἐστίν].
591 348 817 414 μεγίστη
851 342 953 413 μὲν
993 341 1103 412 ἄρα
1142 341 1320 414 ἡΑΔ
1353 342 1663 417 διάμετρος,
1702 349 1901 414 μείζων

214 429 276 486 δὲ
313 428 347 502 ἡ
386 436 497 486 ΒΓ
527 435 625 503 τῆς
663 437 790 487 ZH.

319 517 414 574 Ἐν
477 519 660 597 κύκλῳ
716 518 826 591 ἄρα
873 524 1099 591 μεγίστη
1147 522 1248 591 μέν
1300 523 1449 577 ἐστιν
1503 519 1537 592 ἡ
1593 520 1904 594 διάμετρος,

153 626 181 666 5
213 612 327 665 τῶν
359 608 422 664 δὲ
461 607 648 664 ἄλλων
680 606 766 664 ἀεὶ
798 606 832 680 ἡ
869 612 1058 679 ἔγγιον
1090 611 1194 664 τοῦ
1223 610 1458 680 κέντρου
1488 613 1585 681 τῆς
1617 609 1904 682 ἀπώτερον

214 702 412 769 μείζων
453 699 630 753 ἐστίν·
671 695 806 770 ὅπερ
846 700 959 753 ἔδει
999 700 1189 765 δεῖξαι.

1015 879 1074 920 ις
1101 905 1114 917 .

320 962 395 1020 ‘H
433 967 506 1037 τῇ
542 964 867 1037 διαμέτρῳ
914 967 1032 1019 τοῦ
1070 964 1319 1021 κύκλου
1357 963 1519 1036 πρὸς
1559 963 1766 1037 ὀρθὰς
1804 962 1906 1020 ἀπ’

220 1051 421 1126 ἄκρας
460 1051 750 1124 ἀγομένη
799 1051 983 1119 ἐκτὸς
1020 1038 1316 1110 πεσεῖται
1348 1057 1466 1110 τοῦ
1497 1053 1765 1124 κύκλου,
1803 1053 1909 1109 καὶ

131 1161 186 1200 10
219 1145 312 1207 εἰς
357 1139 472 1197 τὸν
519 1141 758 1213 μεταξὺ
813 1142 1019 1199 τόπον
1071 1147 1184 1215 τῆς
1228 1165 1293 1199 τε
1343 1142 1604 1209 εὐθείας
1647 1143 1756 1198 καὶ
1802 1146 1913 1213 τῆς

218 1235 646 1303 περιφερείας
700 1231 889 1302 ἑτέρα
942 1230 1177 1288 εὐθεῖα
1234 1229 1309 1287 ού
1371 1241 1912 1304 παρεμπεσεῖται,

218 1321 318 1376 καὶ
373 1317 407 1391 ἡ
464 1318 581 1390 μὲν
627 1323 745 1375 τοῦ
790 1318 1197 1391 ἡμικυκλίου
1244 1325 1450 1392 γωνία
1497 1318 1752 1392 ἁπάσης
1789 1342 1912 1391 γω-

219 1413 367 1474 νίας
415 1405 631 1474 ὀξείας
686 1406 1168 1482 εὐθυγράμμου
1218 1414 1454 1481 μείζων
1502 1411 1706 1479 ἐστίν,
1761 1407 1794 1479 ἡ
1846 1407 1914 1464 δὲ

221 1495 418 1567 λοιπὴ
461 1496 766 1554 ἐλάττων.

135 1603 189 1644 15
321 1584 500 1641 ’Ἑστω
564 1584 770 1651 κύκλος
831 1582 860 1641 ὁ
913 1591 1085 1641 ΑΒΓ
1138 1586 1263 1659 περὶ
1324 1586 1557 1657 κέντρον
1610 1582 1673 1640 τὸ
1723 1591 1778 1639 Δ
1823 1585 1914 1640 καὶ

224 1673 523 1746 διάμετρον
570 1672 672 1745 τὴν
712 1680 852 1729 AB·
921 1675 1083 1745 λέγω,
1124 1673 1208 1730 ὄτι
1247 1671 1282 1746 ἡ
1322 1672 1433 1730 ἀπὸ
1470 1677 1572 1729 τοῦ
1613 1681 1665 1728 Α
1702 1676 1768 1747 τῇ
1808 1680 1916 1729 AB

222 1761 362 1835 πρὸς
418 1759 597 1834 ὀρθὰς
650 1760 745 1818 ἀπ’
805 1761 989 1835 ἄκρας
1023 1761 1268 1835 ἀγομένη
1318 1760 1471 1829 ἐκτὸς
1524 1774 1767 1818 πεσεῖται
1815 1765 1916 1818 τοῦ

222 1853 448 1907 κύκλου.

339 1939 437 2011 Μὴ
471 1939 598 2013 γάρ,
638 1937 759 1996 ἀλλ’
790 1943 841 1997 εί
872 1940 1136 2011 δυνατόν,
1175 1941 1414 1997 πιπτέτω
1449 1939 1606 2007 ἐντὸς
1631 1938 1705 2006 ὡς
1729 1937 1763 2011 ἡ
1790 1945 1917 2009 ΓΑ,

137 2047 194 2087 20
225 2028 316 2084 καὶ
357 2028 670 2101 ἐπεζεύχθω
711 2053 745 2101 η
787 2033 910 2085 ΔΓ.

332 2116 481 2173 ἘΛιεὶ
523 2125 614 2188 ἴση
656 2118 807 2173 ἐστὶν
846 2115 881 2189 ἡ
925 2124 1041 2173 ΔΑ
1071 2121 1136 2190 τῇ
1171 2122 1298 2188 ΛΓ,
1338 2125 1430 2189 ἴση
1464 2118 1579 2174 ἐστὶ
1617 2118 1708 2172 καὶ
1741 2121 1919 2188 γωνία

226 2203 260 2277 ἡ
311 2203 421 2262 ὑπὸ
470 2211 648 2262 ΔΑΓ
690 2210 870 2281 γωνίᾳ
915 2209 980 2280 τῇ
1027 2203 1140 2262 ὑπὸ
1180 2211 1360 2262 ΑΓΔ.
1438 2203 1586 2279 ὀρθὴ
1636 2206 1698 2262 δὲ
1737 2203 1770 2277 ἡ
1811 2203 1919 2261 ὑπὸ

230 2300 426 2350 ΔΑΓ·
475 2291 622 2366 ὀρθὴ
662 2292 772 2365 ἄρα
810 2294 903 2350 καὶ
943 2293 976 2366 ἡ
1017 2292 1126 2350 ὑπὸ
1160 2299 1356 2350 ΑΓΔ·
1399 2293 1678 2368 τριγώνου
1718 2293 1787 2365 δὴ
1819 2297 1920 2349 τοῦ

229 2388 396 2439 ΑΓΔ
431 2385 493 2437 αἱ
529 2382 633 2439 δύο
675 2388 876 2454 γωνίαι
917 2386 979 2438 αἱ
1010 2381 1121 2439 ὑπὸ
1151 2388 1339 2455 ΔΑΓ,
1380 2389 1546 2439 ΑΓΔ
1582 2382 1686 2439 δύο
1722 2383 1922 2455 ὀρθαῖς

141 2490 197 2529 25
232 2479 346 2527 ἴσαι
386 2474 552 2527 εἰσίν·
593 2470 728 2545 ὅπερ
770 2472 920 2529 ἐστὶν
959 2469 1257 2528 ἀδύνατον.
1307 2470 1410 2527 οὐκ
1450 2470 1560 2543 ἄρα
1597 2469 1631 2544 ἡ
1672 2469 1780 2527 ἀπὸ
1820 2473 1922 2526 τοῦ

349 2621 470 2665 XVI.
505 2620 726 2666 Eutocius
757 2620 807 2665 in
837 2619 1139 2677 Apollonium
1170 2636 1214 2677 p.
1241 2625 1310 2664 44.
1346 2626 1416 2665 59.

354 2760 391 2799 1.
427 2752 644 2812 ἐδείχθη]
677 2754 727 2798 in
756 2769 845 2799 ras.
879 2753 933 2797 V.
1087 2753 1202 2810 ΒΓ]
1238 2757 1321 2798 ΓΒ
1354 2754 1410 2808 Β;
1458 2757 1550 2798 ΒΓ
1575 2749 1669 2810 ἄρα
1700 2768 1745 2811 p.
1881 2755 1922 2795 2.

235 2810 338 2859 ἔστί
364 2814 465 2859 BV.
595 2812 700 2871 μέν]
735 2828 795 2858 m.
822 2818 848 2857 2
881 2812 936 2857 V·
1059 2817 1101 2856 4.
1134 2812 1208 2871 δέ]
1243 2809 1289 2857 δ’
1324 2813 1420 2858 BF.
1557 2817 1600 2857 5.
1634 2810 1736 2856 αἰεί
1760 2811 1862 2856 FV.

236 2871 421 2929 ἔγγειον
453 2872 504 2928 Ρ,
537 2873 619 2918 sed
651 2887 767 2918 corr.
921 2872 1004 2915 τοῦ
1037 2870 1256 2931 κέντρου]
1290 2873 1372 2927 τῆς
1404 2869 1656 2929 διαμέτρου
1688 2870 1740 2916 Ρ.
1882 2876 1924 2915 ’1.

235 2929 332 2990 ις’]
369 2929 445 2988 ιη’
478 2932 535 2986 F3
570 2946 684 2977 corr.
718 2947 779 2976 m.
805 2937 847 2975 2.
970 2936 1009 2975 9.
1045 2926 1253 2989 ἀγομένη
1289 2928 1462 2976 εὐθεῖα
1493 2931 1528 2975 F
1561 2932 1609 2975 et
1639 2929 1677 2972 B
1708 2944 1767 2973 m.
1801 2943 1892 2974 rec.
