1956 3074
155 70 265 126 230
795 75 1131 118 ΣΤοΙΧΕῙΩΝ
1161 71 1225 130 γ’.

151 192 244 247 καὶ
301 194 452 247 ἔσται
510 189 573 247 τὸ
625 198 678 246 Δ
723 192 957 264 κέντρον
1003 197 1104 250 τοῦ
1156 195 1849 265 προσαναπεπληρωμένου

153 281 382 352 κύκλου,
422 280 515 336 καὶ
556 279 771 352 δηλαδὴ
814 286 965 337 ἔσται
997 281 1059 338 τὸ
1101 287 1270 338 ΑΒΓ
1302 280 1647 354 ἡμικύκλιον.

261 369 394 427 Ἐὰν
455 370 516 427 δὲ
563 370 596 444 ἡ
643 370 753 428 ὑπὸ
795 377 970 427 ΑΒΔ
1017 372 1256 427 ἐλάττων
1295 364 1331 445 ᾖ
1370 374 1467 443 τῆς
1505 369 1615 427 ὑπὸ
1655 377 1848 439 ΒΑΛ,

153 460 247 515 καὶ
302 461 710 533 συστησώμεθα
764 460 902 532 πρὸς
947 463 1013 533 τῇ
1054 466 1164 515 ΒΑ
1213 457 1411 535 εὐθείᾳ
1456 459 1549 515 καὶ
1597 462 1671 533 τῷ
1712 458 1849 529 πρὸς

97 560 123 602 5
154 548 294 625 αὐτῇ
336 555 541 625 σημείῳ
582 553 657 626 τῷ
699 557 751 604 Α
789 553 853 622 τῇ
893 547 1001 605 ὑπὸ
1045 555 1216 604 ΑΒΔ
1263 553 1441 623 γωνίᾳ
1480 556 1635 620 ἴσην,
1693 546 1849 613 ἐντὸς

153 642 256 695 τοῦ
282 645 456 695 ΑΒΓ
485 638 765 710 τμήματος
802 649 1046 694 πεσεῖται
1085 636 1147 694 τὸ
1187 638 1421 709 κέντρον
1460 638 1547 693 ἐπὶ
1586 641 1683 709 τῆς
1721 642 1847 702 ΔΒ,

154 728 246 783 καὶ
294 732 446 783 ἔσται
487 726 702 799 δηλαδὴ
742 726 804 783 τὸ
847 731 1015 782 ΑΒΓ
1053 730 1238 798 τμῆμα
1276 731 1462 798 μεῖζον
1503 724 1849 797 ἡμικυκλίου.

268 816 498 873 Κύκλου
538 839 648 888 αρα
679 815 959 887 τμήματος
990 816 1262 881 δοθέντος
1292 816 1849 930 προσαναγέγραπται

157 903 187 962 ὁ
227 905 455 972 κύκλος·
499 904 634 975 ὅπερ
674 909 786 961 ἔδει
827 908 1068 976 ποιῆσαι.

66 1155 121 1195 10
942 1126 1058 1186 κς’.

260 1249 361 1305 Ἐν
417 1259 555 1313 τοῖς
611 1254 784 1312 ἴσοις
837 1244 1103 1310 κύκλοις
1158 1246 1226 1298 αἱ
1270 1250 1408 1299 ἴσαι
1455 1249 1695 1314 γωνίαι
1743 1246 1847 1301 ἐπὶ

152 1345 316 1395 ἴσων
354 1340 799 1409 περιφερειῶν
832 1331 1222 1406 βεβήκασιν,
1263 1332 1377 1388 ἐάν
1415 1355 1480 1389 τε
1512 1332 1674 1406 πρὸς
1705 1346 1849 1401 τοῖς

150 1429 450 1497 κέντροις
505 1425 619 1482 ἐάν
670 1446 734 1480 τε
788 1423 949 1495 πρὸς
1001 1433 1142 1488 ταῖς
1211 1425 1667 1494 περιφερείαις
1729 1415 1848 1480 ὦσι

154 1521 523 1588 βεβηκυῖαα

63 1615 119 1656 15
248 1604 539 1661 ’Ἑστωσαν
588 1610 701 1659 ἴσοι
746 1601 943 1658 κύκλοι
979 1603 1037 1657 οί
1072 1604 1260 1669 ΑΒΓ,
1310 1605 1478 1655 ΔΕΖ
1517 1599 1608 1654 καὶ
1650 1602 1711 1656 ἐν
1750 1599 1847 1656 αὐ-

151 1705 267 1761 τοῖς
315 1701 430 1749 ἴσαι
477 1697 677 1765 γωνίαι
726 1695 974 1748 ἔστωσαν
1025 1687 1164 1761 πρὸς
1203 1688 1305 1761 μὲν
1344 1699 1461 1754 τοῖς
1498 1689 1750 1762 κέντροις
1789 1692 1851 1745 αί

148 1781 257 1839 ὑπὸ
300 1788 495 1852 ΒΗΓ,
544 1788 730 1852 ΕΘΖ,
777 1781 918 1853 πρὸς
966 1779 1027 1836 δὲ
1065 1790 1185 1845 ταῖς
1224 1781 1599 1849 περιφερείαις
1639 1780 1701 1832 αἰ
1735 1774 1844 1834 ὑπὸ

148 1877 330 1942 ΒΑΓ,
366 1878 564 1927 ΕΔΖ·
604 1873 766 1942 λέγω,
808 1867 892 1925 ὅτι
934 1875 1026 1939 ἴση
1068 1867 1221 1924 ἐστὶν
1255 1863 1289 1938 ἡ
1326 1870 1501 1921 ΒΚΓ
1524 1867 1847 1938 περιφέρεια

148 1965 213 2035 τῇ
257 1967 365 2016 ΕΛ
378 1967 421 2016 Ζ
462 1964 804 2033 περιφερείᾳ.

62 2061 119 2103 20
260 2047 715 2121 Ἐπεζεύχθωσαν
755 2046 864 2118 γὰρ
905 2048 967 2101 αἱ
1003 2049 1126 2116 ΒΓ,
1168 2050 1285 2100 ΕΖ.

263 2138 374 2193 Καὶ
425 2138 539 2193 ἐπεὶ
589 2144 701 2192 ἴσοι
742 2135 885 2191 εἰσὶν
926 2136 984 2190 οἰ
1020 2137 1212 2202 ΑΒΓ,
1270 2138 1438 2188 ΔΕΖ
1476 2131 1690 2203 κύκλοι,
1731 2139 1847 2188 ἴσαι

151 2228 296 2284 εἰσὶν
346 2228 408 2281 αί
444 2228 501 2282 ἐκ
540 2228 653 2282 τῶν
692 2225 968 2296 κέντρων·
1032 2221 1138 2278 δύο
1179 2219 1248 2293 δὴ
1289 2224 1352 2276 αί
1387 2226 1525 2291 ΒΗ,
1574 2225 1694 2276 ΗΓ
1739 2220 1844 2277 δύο

148 2327 267 2382 ταῖς
307 2321 437 2385 ΕΘ,
494 2320 595 2369 ΘΖ
649 2320 793 2368 ἴσαι·
855 2311 947 2366 καὶ
995 2315 1173 2382 γωνία
1211 2307 1246 2382 ἡ
1286 2307 1425 2381 πρὸς
1462 2312 1538 2385 τῷ
1571 2314 1636 2364 Η
1666 2314 1846 2383 γωνία

269 2528 310 2567 3.
337 2522 499 2593 ΑΒΔ]
536 2535 630 2577 seq.
665 2519 873 2578 spafium
904 2524 930 2564 3
964 2518 1056 2563 litt.
1090 2535 1141 2574 φ.
1309 2523 1350 2561 4.
1385 2513 1754 2589 συνστησώμεθα
1787 2518 1845 2571 P;

151 2579 483 2638 συστησόμεθα
515 2580 687 2636 BFVp
658 2595 709 2636 p;
743 2594 856 2624 corr.
875 2579 913 2623 B
938 2593 999 2622 m.
1018 2591 1109 2622 rec.
1201 2573 1318 2634 πρὸς
1349 2572 1494 2636 αὐτῇ]
1526 2577 1585 2631 P,
1618 2581 1654 2620 A
1684 2575 1847 2622 Theon

151 2641 381 2699 (BFVp).
504 2645 544 2684 5.
576 2639 639 2698 τῷ
671 2639 730 2697 A]
762 2638 820 2692 P,
854 2652 944 2684 om.
978 2637 1143 2682 Theon
1174 2636 1402 2702 (BFVp).
1494 2637 1672 2692 γωνίαν
1703 2634 1843 2693 FVp.

212 2700 340 2772 ἴσην]
374 2713 490 2744 corr.
523 2713 579 2744 ex
610 2685 686 2756 ἴσῃ
718 2713 778 2742 m.
811 2711 902 2742 ree.
935 2697 985 2740 B.
1095 2701 1136 2740 6.
1169 2695 1276 2754 ΔΒ]
1311 2698 1347 2738 Β
1379 2693 1429 2738 in
1458 2708 1547 2740 ras.
1580 2711 1624 2752 p.
1726 2694 1848 2740 Dein

153 2759 259 2804 add.
293 2755 515 2809 ὡςτὸΕ
554 2772 740 2815 mg.m.
766 2758 883 2810 2Ρς
932 2752 1416 2812 ὡςτὸΘεαΡταω.
1448 2767 1539 2800 reo.
1575 2755 1626 2809 B,
1658 2768 1753 2811 mg.
1784 2769 1846 2799 m.

154 2819 252 2863 2V.
378 2824 418 2863 7.
451 2813 751 2889 ἡμικυκλίου]
786 2830 881 2877 seq.
916 2816 1033 2873 spat.
1068 2819 1093 2857 2
1126 2813 1218 2859 litt.
1253 2831 1302 2870 φ.
1448 2817 1490 2857 8.
1524 2810 1735 2883 κύκλου]
1755 2827 1846 2859 om.

151 2879 243 2935 Bp.
389 2874 628 2934 τμήματος
659 2892 752 2933 αρα
784 2876 874 2932 Bp.
997 2888 1135 2930 προσ·
1168 2886 1258 2918 om.
1291 2872 1435 2930 BVp.
1604 2879 1643 2918 9.
1677 2868 1847 2925 κύκλος
