1956 3074
110 1038 164 1079 10

108 1483 163 1523 15

106 1926 164 1967 20

105 2369 162 2409 25

200 110 316 164 140·
846 112 1183 156 ΣΤοΙΧΕῙῼΝ
1216 110 1279 172 β’.

198 244 343 301 σαρα
383 228 493 302 ἄρα
532 230 901 303 τετραπλάσιά
943 233 1056 287 ἐστι
1094 240 1194 287 τοῦ
1235 236 1358 287 ΓΚ.
1432 231 1602 287 πάλιν
1643 232 1758 288 ἐπεὶ
1798 239 1890 305 ἴση

198 317 349 373 ἐστὶν
398 316 432 390 ἡ
472 324 574 374 ΓΒ
612 321 678 392 τῇ
719 325 858 389 ΒΔ,
898 317 1038 375 ἀλλὰ
1077 317 1111 391 ἡ
1154 319 1255 391 μὲν
1295 326 1409 375 BA
1446 324 1512 393 τῇ
1553 327 1691 390 ΒΚ,
1738 342 1891 376 τουτ-

197 406 313 461 έστι
362 409 428 479 τῇ
468 413 587 463 ΓΗ
620 414 731 478 ἴση,
771 405 804 479 ἡ
848 407 910 463 δὲ
947 413 1049 463 ΓΒ
1089 411 1154 480 τῇ
1186 414 1324 478 ΗΚ,
1365 410 1612 465 τουτέστι
1652 413 1718 482 τῇ
1750 415 1892 479 ΗΠ,

198 495 346 551 ἐστιν
388 502 499 567 ἴση,
538 496 629 552 καὶ
669 494 703 567 ἡ
737 501 857 551 ΓΗ
889 495 997 568 ἄρα
1036 499 1101 569 τῇ
1141 502 1271 552 ΗΠ
1305 504 1396 568 ἴση
1438 499 1603 554 ἐστίν.
1642 498 1735 553 καὶ
1777 498 1892 554 ἐπεὶ

198 590 289 654 ἴση
331 583 481 639 ἐστὶν
520 583 554 658 ἡ
595 584 696 656 μὲν
735 590 856 640 ΓΗ
887 588 951 657 τῇ
993 590 1134 655 ΗΠ,
1173 583 1207 657 ἡ
1250 585 1312 641 δὲ
1350 592 1467 641 ΠΡ
1497 590 1562 659 τῇ
1605 592 1724 657 ΡΟ,
1765 593 1891 642 ἴσον

197 671 312 727 ἐστὶ
358 672 451 727 καὶ
504 671 567 729 τὸ
623 672 725 744 μὲν
771 678 898 728 AH
934 677 1011 745 τῷ
1059 679 1216 745 ΜΠ,
1269 673 1332 730 τὸ
1380 675 1443 731 δὲ
1489 680 1606 730 ΠΛ
1651 678 1727 751 τῷ
1780 681 1891 731 ΡΖ.

196 757 337 815 ἀλλὰ
370 758 432 816 τὸ
466 766 604 815 ΜΠ
628 765 704 837 τῷ
738 767 856 817 ΠΛ
882 763 1031 818 ἐστιν
1069 769 1224 819 ἴσον·
1265 763 1753 836 παραπληρώματα
1783 763 1891 834 γὰρ

195 852 297 904 τοῦ
339 854 464 905 ΜΛ
502 851 1113 923 παραλληλογράμμου·
1153 852 1245 907 καὶ
1283 850 1346 907 τὸ
1388 857 1514 907 ΑΗ
1536 850 1647 925 ἄρα
1685 856 1761 926 τῷ
1794 858 1892 907 ΡΖ

198 942 325 993 ἴσον
366 940 538 994 ἐστίν·
608 939 675 994 τὰ
716 940 957 1013 τέσσαρα
996 939 1105 1013 ἄρα
1144 941 1210 996 τὰ
1249 947 1393 1012 ΑΗ,
1435 946 1581 1010 ΜΠ,
1622 946 1753 1012 ΠΛ,
1793 945 1891 995 ΡΖ

198 1032 292 1082 ἴσα
338 1025 602 1098 ἀλλήλοις
649 1029 829 1083 ἐστίν·
899 1027 964 1084 τὰ
1012 1029 1251 1101 τέσσαρα
1298 1028 1408 1102 ἄρα
1456 1032 1559 1085 τοῦ
1606 1034 1732 1084 ΑΗ
1776 1031 1890 1085 ἐστι

195 1115 586 1189 τετραπλάσια.
626 1119 853 1189 ἐδείχθη
895 1117 956 1173 δὲ
991 1118 1084 1173 καὶ
1114 1117 1181 1173 τὰ
1215 1120 1454 1191 τέσσαρα
1485 1117 1552 1173 τὰ
1586 1122 1713 1188 ΓΚ,
1754 1123 1809 1173 Κ
1817 1124 1891 1188 Δ,

195 1210 327 1274 ΗΡ,
364 1210 482 1260 ΡΝ
505 1207 606 1260 τοῦ
629 1210 742 1261 ΓΚ
769 1206 1169 1279 τετραπλάσια·
1208 1206 1274 1263 τὰ
1317 1206 1427 1279 ἄρα
1468 1205 1629 1277 ὀκτώ,
1670 1204 1705 1262 ἃ
1745 1228 1892 1277 περι-

196 1293 306 1364 έχει
351 1292 453 1349 τὸν
493 1300 665 1349 ΣΤΥ
706 1294 998 1367 γνώμονα,
1043 1295 1413 1368 τετραπλάσιά
1466 1297 1581 1351 ἐστι
1619 1299 1721 1351 τοῦ
1761 1301 1891 1351 ΑΚ.

194 1381 288 1436 καὶ
328 1382 444 1437 ἐπεὶ
483 1380 545 1438 τὸ
579 1389 697 1438 ΑΚ
725 1382 787 1439 τὸ
828 1382 939 1440 ὑπὸ
979 1388 1092 1440 τῶν
1125 1391 1253 1455 AB,
1294 1390 1407 1439 BA
1440 1386 1610 1440 ἐστιν·
1652 1391 1743 1455 ἴση
1784 1382 1891 1456 γὰρ

196 1467 239 1541 ἡ·
272 1475 387 1526 ΒΚ
429 1473 495 1543 τῇ
535 1476 649 1526 BA
673 1489 683 1499 ·
746 1470 808 1527 τὸ
856 1472 966 1546 ἄρα
1012 1472 1261 1543 τετράκις
1312 1471 1422 1528 ὑπὸ
1461 1476 1573 1529 τῶν
1613 1479 1739 1544 ΑΒ,
1779 1479 1893 1528 ΒΛ

194 1558 597 1632 τετραπλάσιόν
646 1561 760 1615 ἐστι
798 1563 901 1616 τοῦ
942 1566 1069 1616 ΑΚ.
1150 1562 1375 1633 ἐδείχθη
1417 1561 1479 1618 δὲ
1516 1566 1619 1618 τοῦ
1658 1567 1776 1617 ΛΚ
1810 1584 1892 1618 τε-

194 1646 533 1720 τραπλάσιος
586 1648 678 1704 καὶ
727 1647 757 1704 ὁ
809 1655 981 1705 ΣΤΥ
1029 1649 1300 1722 γνώμων·
1369 1650 1431 1707 τὸ
1490 1650 1600 1724 ἄρα
1645 1651 1894 1722 τετράκις

196 1733 305 1793 ὑπὸ
346 1739 459 1793 τών
499 1743 626 1807 ΑΒ,
665 1743 779 1793 BA
819 1745 944 1795 ἴσον
986 1739 1099 1795 ἐστὶ
1138 1742 1215 1816 τῷ
1255 1744 1427 1794 ΣΤΥ
1461 1738 1728 1810 γνώμονι.
1778 1761 1892 1795 κοι-

196 1823 303 1881 νὸν
342 1830 698 1898 προσκείσθω
737 1825 799 1883 τὸ
832 1829 951 1898 ΞΘ,
992 1825 1024 1883 ὅ
1064 1829 1215 1884 ἐστιν
1248 1834 1374 1884 ἴσον
1405 1830 1481 1902 τῷ
1516 1825 1623 1883 ἀπὸ
1657 1830 1753 1899 τῆς
1785 1836 1837 1883 Α
1847 1833 1900 1883 Γ

196 1913 555 1989 τετραγώνῳ·
595 1912 657 1970 τὸ
698 1913 808 1987 ἄρα
846 1914 1095 1987 τετράκις
1132 1913 1242 1971 ὑπὸ
1283 1919 1396 1972 τῶν
1429 1922 1558 1986 ΑΒ,
1598 1922 1712 1971 BA
1743 1937 1892 1989 περι-

197 2001 465 2073 εχόμενον
513 2001 873 2075 ὀρθογώνιον
921 2003 1053 2074 μετὰ
1106 2007 1210 2059 τοῦ
1246 2002 1355 2060 άπὸ
1396 2013 1448 2059 A
1460 2010 1512 2059 Γ
1542 2005 1894 2077 τετραγώνου

197 2096 323 2146 ἴσον
364 2091 478 2147 ἐστὶ
518 2094 594 2167 τῷ
619 2097 792 2147 ΣΤΥ
811 2092 1062 2164 γνώμονι
1101 2093 1193 2148 καὶ
1225 2097 1300 2169 τῷ
1325 2096 1440 2156 ΞΘ.
1486 2092 1628 2150 άλλά
1663 2092 1692 2150 ὁ
1726 2099 1897 2149 ΣΤΥ

195 2178 458 2251 γνώμων·
475 2180 568 2235 καὶ
607 2178 669 2236 τὸ
703 2183 806 2243 ΞΘ
837 2179 974 2238 ὅλον
1015 2182 1129 2238 ἐστὶ
1167 2181 1230 2238 τὸ
1264 2189 1496 2238 ΑΕΖΔ
1521 2182 1890 2255 τετράγωνον,

197 2265 229 2322 ὅ
269 2268 420 2324 ἐστιν
461 2266 572 2325 ἀπὸ
609 2272 705 2341 τῆς
746 2276 893 2325 ΑΔ·
932 2269 995 2327 τὸ
1036 2269 1145 2345 ἄρα
1183 2271 1432 2345 τετράκις
1470 2270 1577 2328 ὑπὸ
1619 2275 1732 2328 τῶν
1763 2278 1890 2343 ΑΒ,

196 2362 311 2412 BA
353 2356 486 2428 μετὰ
527 2361 628 2414 τοῦ
668 2355 776 2414 ἀπὸ
817 2364 932 2414 ΑΓ
966 2366 1093 2415 ἴσον
1134 2361 1249 2417 ἐστὶ
1288 2364 1364 2437 τῷ
1405 2359 1516 2416 άπὸ
1557 2368 1674 2416 AA
1707 2382 1891 2433 τετρα-

195 2444 388 2521 γώνςο·
429 2453 520 2518 ἴση
562 2447 624 2502 δὲ
663 2444 697 2518 ἡ
730 2453 844 2502 BA
874 2451 939 2521 τῇ
972 2453 1088 2504 ΒΓ.
1130 2448 1191 2505 τὸ
1226 2448 1334 2523 ἄρα
1366 2450 1613 2521 τετράκις
1644 2447 1751 2505 ὑπὸ
1778 2452 1891 2504 τῶν

194 2540 321 2604 ΑΒ,
362 2541 472 2591 ΒΓ
496 2534 893 2607 περιεχόμενον
935 2534 1294 2608 ὀρθογώνιον
1334 2537 1467 2610 μετὰ
1508 2541 1609 2593 τοῦ
1641 2535 1751 2593 άπὸ
1787 2541 1898 2592 ΑΓ

194 2623 548 2696 τετραγώνου
596 2629 721 2679 ἴσον
769 2624 882 2679 ἐστὶ
928 2627 1005 2700 τῷ
1045 2622 1154 2681 άπὸ
1195 2630 1291 2698 τῆς
1329 2634 1472 2697 ΑΔ,
1527 2627 1775 2682 τουτέστι
1813 2627 1889 2701 τῷ

195 2709 302 2768 ἀπὸ
322 2715 481 2783 τῆςΑ
494 2718 537 2768 Β
555 2711 647 2767 καὶ
665 2710 860 2778 Bra-59
877 2709 986 2768 άπό
1004 2716 1132 2784 μιᾶς
1149 2712 1529 2787 ἀναγραφέντι
1546 2713 1889 2789 τετραγώνῳ.

317 2850 354 2889 1.
390 2840 506 2904 ἔστι]
542 2841 668 2890 ἐστιν
699 2844 810 2900 PV3
845 2843 934 2890 εἰσι
964 2861 1008 2903 p.
1134 2851 1174 2891 2.
1211 2847 1315 2905 ΓΒ]
1350 2849 1441 2891 ΒΓ
1467 2847 1517 2892 F.
1641 2843 1744 2891 ἄλλ’
1778 2847 1827 2891 F.

196 2903 313 2962 ΒΚ]
348 2916 487 2960 supra
520 2918 603 2948 scr.
631 2908 674 2948 A
703 2909 810 2949 m.2
836 2905 898 2959 V3
931 2919 1024 2963 mg.
1057 2900 1086 2962 ἡ
1121 2908 1212 2949 ΒΓ
1238 2903 1331 2962 ἄρα
1362 2907 1418 2963 τῇ
1453 2909 1553 2951 ΓΗ
1581 2903 1706 2951 ἐστιν
1737 2907 1812 2962 ἴση
1830 2902 1888 2949 V.
