<?xml version="1.0" encoding="UTF-8"?>
<!DOCTYPE html PUBLIC "-//W3C//DTD XHTML 1.0 Transitional//EN"
    "http://www.w3.org/TR/xhtml1/DTD/xhtml1-transitional.dtd">
<html xmlns="http://www.w3.org/1999/xhtml" xml:lang="en" lang="en">
 <head>
  <title>
</title>
<meta http-equiv="Content-Type" content="text/html;charset=utf-8" />
  <meta name='ocr-system' content='tesseract 3.04.00' />
  <meta name='ocr-capabilities' content='ocr_page ocr_carea ocr_par ocr_line ocrx_word'/>
</head>
<body>
  <div class='ocr_page' id='page_1' title='image "./euclidisoperaomn01eucluoft_0238.png"; bbox 0 0 1956 3074; ppageno 0'>
   <div class='ocr_carea' id='block_1_1' title="bbox 113 1038 168 1077">
    <p class='ocr_par' dir='ltr' id='par_1_1' title="bbox 113 1038 168 1077">
     <span class='ocr_line' id='line_1_1' title="bbox 113 1038 168 1077; baseline -0.018 0"><span class='ocrx_word' id='word_1_1' title='bbox 113 1038 168 1077; x_wconf 89' lang='lat'><em>10</em></span> 
     </span>
    </p>
   </div>
   <div class='ocr_carea' id='block_1_2' title="bbox 117 1481 172 1521">
    <p class='ocr_par' dir='ltr' id='par_1_2' title="bbox 117 1481 172 1521">
     <span class='ocr_line' id='line_1_2' title="bbox 117 1481 172 1521; baseline 0.018 -1"><span class='ocrx_word' id='word_1_2' title='bbox 117 1481 172 1521; x_wconf 86' lang='lat'><em>15</em></span> 
     </span>
    </p>
   </div>
   <div class='ocr_carea' id='block_1_3' title="bbox 191 77 1262 136">
    <p class='ocr_par' dir='ltr' id='par_1_3' title="bbox 191 77 1262 136">
     <span class='ocr_line' id='line_1_3' title="bbox 191 77 1262 136; baseline -0.007 -5"><span class='ocrx_word' id='word_1_3' title='bbox 191 79 302 131; x_wconf 81' lang='lat'><em>224</em></span> <span class='ocrx_word' id='word_1_4' title='bbox 830 80 1168 123; x_wconf 70' lang='grc' dir='ltr'><strong>ΣΤΟῙΧΕῙΩΝ</strong></span> <span class='ocrx_word' id='word_1_5' title='bbox 1197 77 1262 136; x_wconf 71' lang='grc' dir='ltr'><em>γ’.</em></span> 
     </span>
    </p>
   </div>
   <div class='ocr_carea' id='block_1_4' title="bbox 193 195 1905 1896">
    <p class='ocr_par' dir='ltr' id='par_1_4' title="bbox 193 195 1888 358">
     <span class='ocr_line' id='line_1_4' title="bbox 193 195 1888 272; baseline 0.003 -20"><span class='ocrx_word' id='word_1_6' title='bbox 193 195 400 268; x_wconf 87' lang='grc' dir='ltr'><em>ὁμοίως</em></span> <span class='ocrx_word' id='word_1_7' title='bbox 440 196 509 269; x_wconf 83' lang='grc' dir='ltr'><em>δὴ</em></span> <span class='ocrx_word' id='word_1_8' title='bbox 548 200 823 268; x_wconf 76' lang='grc' dir='ltr'><em>δείξομεν,</em></span> <span class='ocrx_word' id='word_1_9' title='bbox 863 196 949 252; x_wconf 84' lang='grc' dir='ltr'><em>ὅτι</em></span> <span class='ocrx_word' id='word_1_10' title='bbox 988 197 1081 252; x_wconf 83' lang='grc' dir='ltr'><em>καὶ</em></span> <span class='ocrx_word' id='word_1_11' title='bbox 1122 199 1184 251; x_wconf 73' lang='grc' dir='ltr'><em>αἱ</em></span> <span class='ocrx_word' id='word_1_12' title='bbox 1210 195 1320 253; x_wconf 85' lang='grc' dir='ltr'><em>ὑπὸ</em></span> <span class='ocrx_word' id='word_1_13' title='bbox 1352 203 1548 268; x_wconf 89' lang='grc' dir='ltr'><em>ΒΑΔ,</em></span> <span class='ocrx_word' id='word_1_14' title='bbox 1587 205 1753 256; x_wconf 92' lang='grc' dir='ltr'><em>ΔΓΒ</em></span> <span class='ocrx_word' id='word_1_15' title='bbox 1785 223 1888 272; x_wconf 76' lang='grc' dir='ltr'><em>γω-</em></span> 
     </span>
     <span class='ocr_line' id='line_1_5' title="bbox 193 285 1119 358; baseline 0 -18"><span class='ocrx_word' id='word_1_16' title='bbox 193 290 310 341; x_wconf 86' lang='grc' dir='ltr'><em>νίαι</em></span> <span class='ocrx_word' id='word_1_17' title='bbox 351 286 518 342; x_wconf 79' lang='grc' dir='ltr'><em>δυσὶν</em></span> <span class='ocrx_word' id='word_1_18' title='bbox 559 285 764 358; x_wconf 81' lang='grc' dir='ltr'><em>ὀρθαῖς</em></span> <span class='ocrx_word' id='word_1_19' title='bbox 803 292 921 340; x_wconf 79' lang='grc' dir='ltr'><em>ἴσαι</em></span> <span class='ocrx_word' id='word_1_20' title='bbox 959 289 1119 341; x_wconf 85' lang='grc' dir='ltr'><em>εἰσίν.</em></span> 
     </span>
    </p>

    <p class='ocr_par' dir='ltr' id='par_1_5' title="bbox 195 373 1890 619">
     <span class='ocr_line' id='line_1_6' title="bbox 313 373 1890 446; baseline 0.001 -16"><span class='ocrx_word' id='word_1_21' title='bbox 313 378 438 430; x_wconf 79' lang='grc' dir='ltr'><em>Τῶν</em></span> <span class='ocrx_word' id='word_1_22' title='bbox 491 373 603 446; x_wconf 76' lang='grc' dir='ltr'><em>ἄρα</em></span> <span class='ocrx_word' id='word_1_23' title='bbox 657 377 718 430; x_wconf 83' lang='grc' dir='ltr'><em>ἐν</em></span> <span class='ocrx_word' id='word_1_24' title='bbox 762 385 881 440; x_wconf 83' lang='grc' dir='ltr'><em>τοῖς</em></span> <span class='ocrx_word' id='word_1_25' title='bbox 925 373 1154 439; x_wconf 79' lang='grc' dir='ltr'><strong><em>κύκλοις</em></strong></span> <span class='ocrx_word' id='word_1_26' title='bbox 1197 374 1620 446; x_wconf 78' lang='grc' dir='ltr'><strong><em>τετραπλεύρων</em></strong></span> <span class='ocrx_word' id='word_1_27' title='bbox 1671 379 1733 431; x_wconf 81' lang='grc' dir='ltr'><em>αἰ</em></span> <span class='ocrx_word' id='word_1_28' title='bbox 1787 376 1890 432; x_wconf 77' lang='grc' dir='ltr'><em>ἄπ-</em></span> 
     </span>
     <span class='ocr_line' id='line_1_7' title="bbox 195 461 1890 537; baseline 0.001 -18"><span class='ocrx_word' id='word_1_29' title='bbox 195 468 455 521; x_wconf 88' lang='grc' dir='ltr'><em>εναντίον</em></span> <span class='ocrx_word' id='word_1_30' title='bbox 502 467 702 533; x_wconf 76' lang='grc' dir='ltr'><em>γωνίαι</em></span> <span class='ocrx_word' id='word_1_31' title='bbox 754 466 920 518; x_wconf 82' lang='grc' dir='ltr'><em>δυσίν</em></span> <span class='ocrx_word' id='word_1_32' title='bbox 961 461 1163 533; x_wconf 79' lang='grc' dir='ltr'><em>ὀρθαῖς</em></span> <span class='ocrx_word' id='word_1_33' title='bbox 1203 469 1319 517; x_wconf 77' lang='grc' dir='ltr'><em>ἴσαι</em></span> <span class='ocrx_word' id='word_1_34' title='bbox 1358 466 1524 519; x_wconf 68' lang='grc' dir='ltr'><em>εἰσίν*</em></span> <span class='ocrx_word' id='word_1_35' title='bbox 1587 462 1721 537; x_wconf 82' lang='grc' dir='ltr'><em>ὅπερ</em></span> <span class='ocrx_word' id='word_1_36' title='bbox 1778 469 1890 521; x_wconf 85' lang='grc' dir='ltr'><em>ἔδει</em></span> 
     </span>
     <span class='ocr_line' id='line_1_8' title="bbox 197 553 388 619; baseline -0.005 -11"><span class='ocrx_word' id='word_1_37' title='bbox 197 553 388 619; x_wconf 81' lang='grc' dir='ltr'><em>δεῖξαι.</em></span> 
     </span>
    </p>

    <p class='ocr_par' dir='ltr' id='par_1_6' title="bbox 985 653 1102 725">
     <span class='ocr_line' id='line_1_9' title="bbox 985 653 1102 725; baseline 0.009 -16"><span class='ocrx_word' id='word_1_38' title='bbox 985 653 1102 725; x_wconf 81' lang='grc' dir='ltr'><em>κγ’.</em></span> 
     </span>
    </p>

    <p class='ocr_par' dir='ltr' id='par_1_7' title="bbox 198 755 1896 1007">
     <span class='ocr_line' id='line_1_10' title="bbox 304 755 1894 831; baseline 0.002 -17"><span class='ocrx_word' id='word_1_39' title='bbox 304 757 440 814; x_wconf 85' lang='grc' dir='ltr'><em>Ἐπὶ</em></span> <span class='ocrx_word' id='word_1_40' title='bbox 471 762 577 829; x_wconf 86' lang='grc' dir='ltr'><em>τῆς</em></span> <span class='ocrx_word' id='word_1_41' title='bbox 610 755 815 828; x_wconf 82' lang='grc' dir='ltr'><em>αὐτῆς</em></span> <span class='ocrx_word' id='word_1_42' title='bbox 847 755 1119 823; x_wconf 79' lang='grc' dir='ltr'><em>εὐθείας</em></span> <span class='ocrx_word' id='word_1_43' title='bbox 1151 757 1271 815; x_wconf 79' lang='grc' dir='ltr'><em>δύο</em></span> <span class='ocrx_word' id='word_1_44' title='bbox 1303 758 1604 831; x_wconf 84' lang='grc' dir='ltr'><em>τμήματα</em></span> <span class='ocrx_word' id='word_1_45' title='bbox 1634 760 1894 817; x_wconf 82' lang='grc' dir='ltr'><em>κύκλων</em></span> 
     </span>
     <span class='ocr_line' id='line_1_11' title="bbox 198 843 1896 918; baseline 0 -15"><span class='ocrx_word' id='word_1_46' title='bbox 198 844 402 918; x_wconf 83' lang='grc' dir='ltr'><em>ὅμοια</em></span> <span class='ocrx_word' id='word_1_47' title='bbox 439 847 547 902; x_wconf 84' lang='grc' dir='ltr'><em>καὶ</em></span> <span class='ocrx_word' id='word_1_48' title='bbox 587 845 787 902; x_wconf 73' lang='grc' dir='ltr'><em>ἄνισα</em></span> <span class='ocrx_word' id='word_1_49' title='bbox 827 843 905 902; x_wconf 82' lang='grc' dir='ltr'><em>οὐ</em></span> <span class='ocrx_word' id='word_1_50' title='bbox 944 847 1437 918; x_wconf 89' lang='grc' dir='ltr'><em>συσταθήσεται</em></span> <span class='ocrx_word' id='word_1_51' title='bbox 1477 849 1580 905; x_wconf 81' lang='grc' dir='ltr'><em>ἐπὶ</em></span> <span class='ocrx_word' id='word_1_52' title='bbox 1617 846 1692 903; x_wconf 82' lang='grc' dir='ltr'><em>τὰ</em></span> <span class='ocrx_word' id='word_1_53' title='bbox 1728 847 1896 904; x_wconf 81' lang='grc' dir='ltr'><em>αὐτὰ</em></span> 
     </span>
     <span class='ocr_line' id='line_1_12' title="bbox 199 936 374 1007; baseline 0 0"><span class='ocrx_word' id='word_1_54' title='bbox 199 936 374 1007; x_wconf 70' lang='grc' dir='ltr'><em>μέρη-</em></span> 
     </span>
    </p>

    <p class='ocr_par' dir='ltr' id='par_1_8' title="bbox 199 1021 1900 1361">
     <span class='ocr_line' id='line_1_13' title="bbox 312 1021 1897 1097; baseline 0.001 -18"><span class='ocrx_word' id='word_1_55' title='bbox 312 1027 386 1079; x_wconf 85' lang='grc' dir='ltr'><em>Εἰ</em></span> <span class='ocrx_word' id='word_1_56' title='bbox 422 1021 530 1095; x_wconf 77' lang='grc' dir='ltr'><em>γὰρ</em></span> <span class='ocrx_word' id='word_1_57' title='bbox 571 1022 845 1093; x_wconf 79' lang='grc' dir='ltr'><em>δυνατόν,</em></span> <span class='ocrx_word' id='word_1_58' title='bbox 893 1024 980 1080; x_wconf 80' lang='grc' dir='ltr'><em>ἐπὶ</em></span> <span class='ocrx_word' id='word_1_59' title='bbox 1027 1028 1126 1096; x_wconf 82' lang='grc' dir='ltr'><em>τῆς</em></span> <span class='ocrx_word' id='word_1_60' title='bbox 1175 1022 1348 1097; x_wconf 84' lang='grc' dir='ltr'><em>αὐτῆς</em></span> <span class='ocrx_word' id='word_1_61' title='bbox 1387 1023 1615 1091; x_wconf 81' lang='grc' dir='ltr'><em>εὐθείας</em></span> <span class='ocrx_word' id='word_1_62' title='bbox 1651 1028 1750 1096; x_wconf 85' lang='grc' dir='ltr'><em>τῆς</em></span> <span class='ocrx_word' id='word_1_63' title='bbox 1789 1031 1897 1080; x_wconf 94' lang='grc' dir='ltr'><em>ΑΒ</em></span> 
     </span>
     <span class='ocr_line' id='line_1_14' title="bbox 200 1111 1900 1184; baseline 0.002 -17"><span class='ocrx_word' id='word_1_64' title='bbox 200 1111 306 1168; x_wconf 77' lang='grc' dir='ltr'><em>δύο</em></span> <span class='ocrx_word' id='word_1_65' title='bbox 345 1111 599 1184; x_wconf 84' lang='grc' dir='ltr'><em>τμήματα</em></span> <span class='ocrx_word' id='word_1_66' title='bbox 637 1111 860 1168; x_wconf 81' lang='grc' dir='ltr'><em>κύκλων</em></span> <span class='ocrx_word' id='word_1_67' title='bbox 899 1111 1067 1184; x_wconf 79' lang='grc' dir='ltr'><em>ὅμοια</em></span> <span class='ocrx_word' id='word_1_68' title='bbox 1106 1114 1198 1169; x_wconf 86' lang='grc' dir='ltr'><em>καὶ</em></span> <span class='ocrx_word' id='word_1_69' title='bbox 1239 1112 1406 1169; x_wconf 76' lang='grc' dir='ltr'><em>ἄνισα</em></span> <span class='ocrx_word' id='word_1_70' title='bbox 1451 1113 1769 1170; x_wconf 83' lang='grc' dir='ltr'><em>συνεστάτω</em></span> <span class='ocrx_word' id='word_1_71' title='bbox 1812 1115 1900 1170; x_wconf 83' lang='grc' dir='ltr'><em>ἐπὶ</em></span> 
     </span>
     <span class='ocr_line' id='line_1_15' title="bbox 199 1198 1900 1275; baseline 0.002 -19"><span class='ocrx_word' id='word_1_72' title='bbox 199 1199 270 1256; x_wconf 79' lang='grc' dir='ltr'><em>τὰ</em></span> <span class='ocrx_word' id='word_1_73' title='bbox 309 1198 451 1256; x_wconf 81' lang='grc' dir='ltr'><em>αὐτὰ</em></span> <span class='ocrx_word' id='word_1_74' title='bbox 498 1202 636 1273; x_wconf 81' lang='grc' dir='ltr'><em>με’ρη</em></span> <span class='ocrx_word' id='word_1_75' title='bbox 683 1199 750 1256; x_wconf 75' lang='grc' dir='ltr'><em>τα</em></span> <span class='ocrx_word' id='word_1_76' title='bbox 791 1205 979 1272; x_wconf 82' lang='grc' dir='ltr'><em>ΑΓΒ,</em></span> <span class='ocrx_word' id='word_1_77' title='bbox 1020 1208 1214 1274; x_wconf 83' lang='grc' dir='ltr'><em>ΑΔΒ,</em></span> <span class='ocrx_word' id='word_1_78' title='bbox 1246 1202 1339 1257; x_wconf 82' lang='grc' dir='ltr'><em>καὶ</em></span> <span class='ocrx_word' id='word_1_79' title='bbox 1380 1201 1598 1275; x_wconf 83' lang='grc' dir='ltr'><em>διήχθω</em></span> <span class='ocrx_word' id='word_1_80' title='bbox 1638 1201 1673 1274; x_wconf 83' lang='grc' dir='ltr'><em>ἡ</em></span> <span class='ocrx_word' id='word_1_81' title='bbox 1711 1207 1900 1274; x_wconf 82' lang='grc' dir='ltr'><em>ΑΓΔ,</em></span> 
     </span>
     <span class='ocr_line' id='line_1_16' title="bbox 199 1288 1185 1361; baseline 0.001 -16"><span class='ocrx_word' id='word_1_82' title='bbox 199 1289 292 1345; x_wconf 83' lang='grc' dir='ltr'><em>καὶ</em></span> <span class='ocrx_word' id='word_1_83' title='bbox 335 1288 760 1361; x_wconf 80' lang='grc' dir='ltr'><em>ἐπεζεύχθωσαν</em></span> <span class='ocrx_word' id='word_1_84' title='bbox 798 1293 862 1345; x_wconf 75' lang='grc' dir='ltr'><em>αἰῖ</em></span> <span class='ocrx_word' id='word_1_85' title='bbox 897 1294 1017 1359; x_wconf 88' lang='grc' dir='ltr'><em>ΓΒ,</em></span> <span class='ocrx_word' id='word_1_86' title='bbox 1060 1296 1185 1346; x_wconf 91' lang='grc' dir='ltr'><em>ΔΒ.</em></span> 
     </span>
    </p>

    <p class='ocr_par' dir='ltr' id='par_1_9' title="bbox 202 1371 1904 1718">
     <span class='ocr_line' id='line_1_17' title="bbox 301 1371 1902 1455; baseline 0.001 -21"><span class='ocrx_word' id='word_1_87' title='bbox 301 1377 452 1434; x_wconf 86' lang='grc' dir='ltr'><em>Ἐπεὶ</em></span> <span class='ocrx_word' id='word_1_88' title='bbox 499 1371 606 1433; x_wconf 87' lang='grc' dir='ltr'><em>οὖν</em></span> <span class='ocrx_word' id='word_1_89' title='bbox 654 1376 855 1450; x_wconf 81' lang='grc' dir='ltr'><em>ὅμοιόν</em></span> <span class='ocrx_word' id='word_1_90' title='bbox 901 1380 1018 1434; x_wconf 79' lang='grc' dir='ltr'><em>ἐστι</em></span> <span class='ocrx_word' id='word_1_91' title='bbox 1062 1377 1126 1434; x_wconf 88' lang='grc' dir='ltr'><em>τὸ</em></span> <span class='ocrx_word' id='word_1_92' title='bbox 1167 1383 1331 1434; x_wconf 91' lang='grc' dir='ltr'><em>ΑΓΒ</em></span> <span class='ocrx_word' id='word_1_93' title='bbox 1377 1382 1564 1451; x_wconf 86' lang='grc' dir='ltr'><em>τμῆμα</em></span> <span class='ocrx_word' id='word_1_94' title='bbox 1609 1383 1685 1455; x_wconf 77' lang='grc' dir='ltr'><em>τῷ</em></span> <span class='ocrx_word' id='word_1_95' title='bbox 1726 1386 1902 1435; x_wconf 91' lang='grc' dir='ltr'><em>ΑΛΒ</em></span> 
     </span>
     <span class='ocr_line' id='line_1_18' title="bbox 202 1465 1904 1542; baseline 0.002 -20"><span class='ocrx_word' id='word_1_96' title='bbox 202 1466 461 1539; x_wconf 80' lang='grc' dir='ltr'><em>τμήματι,</em></span> <span class='ocrx_word' id='word_1_97' title='bbox 507 1465 674 1539; x_wconf 80' lang='grc' dir='ltr'><em>ὅμοια</em></span> <span class='ocrx_word' id='word_1_98' title='bbox 715 1466 778 1523; x_wconf 77' lang='grc' dir='ltr'><em>δὲ</em></span> <span class='ocrx_word' id='word_1_99' title='bbox 815 1468 1068 1539; x_wconf 88' lang='grc' dir='ltr'><em>τμήματα</em></span> <span class='ocrx_word' id='word_1_100' title='bbox 1107 1466 1331 1523; x_wconf 83' lang='grc' dir='ltr'><em>κύκλων</em></span> <span class='ocrx_word' id='word_1_101' title='bbox 1370 1468 1485 1524; x_wconf 83' lang='grc' dir='ltr'><em>ἐστὶ</em></span> <span class='ocrx_word' id='word_1_102' title='bbox 1524 1467 1590 1524; x_wconf 80' lang='grc' dir='ltr'><em>τὰ</em></span> <span class='ocrx_word' id='word_1_103' title='bbox 1631 1468 1904 1542; x_wconf 81' lang='grc' dir='ltr'><em>δεχόμενα</em></span> 
     </span>
     <span class='ocr_line' id='line_1_19' title="bbox 202 1554 1904 1631; baseline 0 -18"><span class='ocrx_word' id='word_1_104' title='bbox 202 1561 413 1629; x_wconf 76' lang='grc' dir='ltr'><em>γωνίας</em></span> <span class='ocrx_word' id='word_1_105' title='bbox 460 1563 610 1626; x_wconf 77' lang='grc' dir='ltr'><em>ἴσας,</em></span> <span class='ocrx_word' id='word_1_106' title='bbox 657 1564 749 1628; x_wconf 77' lang='grc' dir='ltr'><em>ἴση</em></span> <span class='ocrx_word' id='word_1_107' title='bbox 797 1555 908 1628; x_wconf 75' lang='grc' dir='ltr'><em>ἄρα</em></span> <span class='ocrx_word' id='word_1_108' title='bbox 954 1556 1106 1612; x_wconf 79' lang='grc' dir='ltr'><em>ἐστὶν</em></span> <span class='ocrx_word' id='word_1_109' title='bbox 1159 1554 1195 1628; x_wconf 83' lang='grc' dir='ltr'><em>ἡ</em></span> <span class='ocrx_word' id='word_1_110' title='bbox 1235 1554 1344 1612; x_wconf 76' lang='grc' dir='ltr'><em>ὑπὸ</em></span> <span class='ocrx_word' id='word_1_111' title='bbox 1386 1562 1550 1613; x_wconf 87' lang='grc' dir='ltr'><em>ΑΓΒ</em></span> <span class='ocrx_word' id='word_1_112' title='bbox 1604 1561 1785 1628; x_wconf 81' lang='grc' dir='ltr'><em>γωνία</em></span> <span class='ocrx_word' id='word_1_113' title='bbox 1838 1561 1904 1631; x_wconf 78' lang='grc' dir='ltr'><em>τῇ</em></span> 
     </span>
     <span class='ocr_line' id='line_1_20' title="bbox 203 1642 1844 1718; baseline -0.001 -16"><span class='ocrx_word' id='word_1_114' title='bbox 203 1644 316 1702; x_wconf 85' lang='grc' dir='ltr'><em>ὑπὸ</em></span> <span class='ocrx_word' id='word_1_115' title='bbox 357 1651 532 1702; x_wconf 91' lang='grc' dir='ltr'><em>ΑΔΒ</em></span> <span class='ocrx_word' id='word_1_116' title='bbox 573 1643 609 1717; x_wconf 83' lang='grc' dir='ltr'><em>ἡ</em></span> <span class='ocrx_word' id='word_1_117' title='bbox 648 1643 804 1711; x_wconf 79' lang='grc' dir='ltr'><em>ἐκτὸς</em></span> <span class='ocrx_word' id='word_1_118' title='bbox 841 1647 908 1718; x_wconf 81' lang='grc' dir='ltr'><em>τῇ</em></span> <span class='ocrx_word' id='word_1_119' title='bbox 950 1646 1133 1711; x_wconf 82' lang='grc' dir='ltr'><em>ἐντός·</em></span> <span class='ocrx_word' id='word_1_120' title='bbox 1175 1642 1311 1717; x_wconf 78' lang='grc' dir='ltr'><em>ὅπερ</em></span> <span class='ocrx_word' id='word_1_121' title='bbox 1353 1644 1504 1701; x_wconf 80' lang='grc' dir='ltr'><em>ἐστὶν</em></span> <span class='ocrx_word' id='word_1_122' title='bbox 1544 1643 1844 1702; x_wconf 83' lang='grc' dir='ltr'><em>ἀδύνατον.</em></span> 
     </span>
    </p>

    <p class='ocr_par' dir='ltr' id='par_1_10' title="bbox 205 1730 1905 1896">
     <span class='ocr_line' id='line_1_21' title="bbox 320 1730 1905 1806; baseline 0 -16"><span class='ocrx_word' id='word_1_123' title='bbox 320 1733 443 1790; x_wconf 83' lang='grc' dir='ltr'><em>Οὐκ</em></span> <span class='ocrx_word' id='word_1_124' title='bbox 481 1732 593 1806; x_wconf 75' lang='grc' dir='ltr'><em>ἄρα</em></span> <span class='ocrx_word' id='word_1_125' title='bbox 633 1734 720 1789; x_wconf 81' lang='grc' dir='ltr'><em>ἐπὶ</em></span> <span class='ocrx_word' id='word_1_126' title='bbox 759 1736 857 1805; x_wconf 83' lang='grc' dir='ltr'><em>τῆς</em></span> <span class='ocrx_word' id='word_1_127' title='bbox 896 1730 1071 1805; x_wconf 83' lang='grc' dir='ltr'><em>αὐτῆς</em></span> <span class='ocrx_word' id='word_1_128' title='bbox 1109 1731 1336 1800; x_wconf 79' lang='grc' dir='ltr'><em>εὐθείας</em></span> <span class='ocrx_word' id='word_1_129' title='bbox 1376 1733 1480 1790; x_wconf 81' lang='grc' dir='ltr'><em>δύο</em></span> <span class='ocrx_word' id='word_1_130' title='bbox 1520 1734 1774 1806; x_wconf 91' lang='grc' dir='ltr'><em>τμήματα</em></span> <span class='ocrx_word' id='word_1_131' title='bbox 1813 1736 1905 1790; x_wconf 86' lang='grc' dir='ltr'><em>κύ-</em></span> 
     </span>
     <span class='ocr_line' id='line_1_22' title="bbox 205 1821 1905 1896; baseline 0.001 -18"><span class='ocrx_word' id='word_1_132' title='bbox 205 1830 357 1880; x_wconf 82' lang='grc' dir='ltr'><em>κλων</em></span> <span class='ocrx_word' id='word_1_133' title='bbox 396 1821 563 1895; x_wconf 84' lang='grc' dir='ltr'><em>ὅμοια</em></span> <span class='ocrx_word' id='word_1_134' title='bbox 601 1822 692 1878; x_wconf 85' lang='grc' dir='ltr'><em>καὶ</em></span> <span class='ocrx_word' id='word_1_135' title='bbox 727 1821 898 1878; x_wconf 72' lang='grc' dir='ltr'><em>ἄνισα</em></span> <span class='ocrx_word' id='word_1_136' title='bbox 931 1821 1345 1894; x_wconf 86' lang='grc' dir='ltr'><em>συσταθήσεται</em></span> <span class='ocrx_word' id='word_1_137' title='bbox 1370 1822 1458 1878; x_wconf 81' lang='grc' dir='ltr'><em>ἐπὶ</em></span> <span class='ocrx_word' id='word_1_138' title='bbox 1482 1822 1549 1878; x_wconf 85' lang='grc' dir='ltr'>τά</span> <span class='ocrx_word' id='word_1_139' title='bbox 1577 1821 1718 1878; x_wconf 81' lang='grc' dir='ltr'><em>αὐτὰ</em></span> <span class='ocrx_word' id='word_1_140' title='bbox 1745 1824 1905 1896; x_wconf 77' lang='grc' dir='ltr'><em>μέρη·</em></span> 
     </span>
    </p>
   </div>
   <div class='ocr_carea' id='block_1_5' title="bbox 119 1910 734 1983">
    <p class='ocr_par' dir='ltr' id='par_1_11' title="bbox 119 1910 734 1983">
     <span class='ocr_line' id='line_1_23' title="bbox 119 1910 734 1983; baseline 0.003 -19"><span class='ocrx_word' id='word_1_141' title='bbox 119 1925 178 1965; x_wconf 84' lang='lat'><em>20</em></span> <span class='ocrx_word' id='word_1_142' title='bbox 211 1910 349 1983; x_wconf 79' lang='grc' dir='ltr'><em>ὅπερ</em></span> <span class='ocrx_word' id='word_1_143' title='bbox 390 1915 503 1967; x_wconf 76' lang='grc' dir='ltr'><em>ἔδει</em></span> <span class='ocrx_word' id='word_1_144' title='bbox 543 1912 734 1978; x_wconf 78' lang='grc' dir='ltr'><em>δεῖξαι.</em></span> 
     </span>
    </p>
   </div>
   <div class='ocr_carea' id='block_1_6' title="bbox 122 2413 178 2453">
    <p class='ocr_par' dir='ltr' id='par_1_12' title="bbox 122 2413 178 2453">
     <span class='ocr_line' id='line_1_24' title="bbox 122 2413 178 2453; baseline 0 0"><span class='ocrx_word' id='word_1_145' title='bbox 122 2413 178 2453; x_wconf 84' lang='lat'><em>25</em></span> 
     </span>
    </p>
   </div>
   <div class='ocr_carea' id='block_1_7' title="bbox 208 2030 1911 2382">
    <p class='ocr_par' dir='ltr' id='par_1_13' title="bbox 208 2030 1911 2382">
     <span class='ocr_line' id='line_1_25' title="bbox 998 2030 1117 2085; baseline 0.017 -2"><span class='ocrx_word' id='word_1_146' title='bbox 998 2030 1117 2085; x_wconf 80' lang='grc' dir='ltr'><em>κδ’.</em></span> 
     </span>
     <span class='ocr_line' id='line_1_26' title="bbox 327 2130 1909 2205; baseline 0 -17"><span class='ocrx_word' id='word_1_147' title='bbox 327 2131 412 2188; x_wconf 62' lang='lat' dir='ltr'><em>T&amp;</em></span> <span class='ocrx_word' id='word_1_148' title='bbox 470 2133 576 2189; x_wconf 84' lang='grc' dir='ltr'><em>ἐπὶ</em></span> <span class='ocrx_word' id='word_1_149' title='bbox 633 2139 796 2188; x_wconf 76' lang='grc' dir='ltr'><em>ἴσων</em></span> <span class='ocrx_word' id='word_1_150' title='bbox 853 2130 1141 2188; x_wconf 78' lang='grc' dir='ltr'><em>εὐθειῶν</em></span> <span class='ocrx_word' id='word_1_151' title='bbox 1198 2130 1395 2204; x_wconf 77' lang='grc' dir='ltr'><em>ἱ’μοια</em></span> <span class='ocrx_word' id='word_1_152' title='bbox 1448 2131 1747 2205; x_wconf 87' lang='grc' dir='ltr'><em>τμήματα</em></span> <span class='ocrx_word' id='word_1_153' title='bbox 1800 2132 1909 2188; x_wconf 84' lang='grc' dir='ltr'><em>κύ-</em></span> 
     </span>
     <span class='ocr_line' id='line_1_27' title="bbox 208 2219 1134 2292; baseline -0.002 -13"><span class='ocrx_word' id='word_1_154' title='bbox 208 2229 381 2279; x_wconf 84' lang='grc' dir='ltr'><em>κλων</em></span> <span class='ocrx_word' id='word_1_155' title='bbox 430 2228 538 2277; x_wconf 80' lang='grc' dir='ltr'><em>ἴσα</em></span> <span class='ocrx_word' id='word_1_156' title='bbox 578 2219 900 2292; x_wconf 75' lang='grc' dir='ltr'><em>ἀλλήλοις</em></span> <span class='ocrx_word' id='word_1_157' title='bbox 939 2223 1134 2278; x_wconf 82' lang='grc' dir='ltr'><em>ἐστίν.</em></span> 
     </span>
     <span class='ocr_line' id='line_1_28' title="bbox 307 2307 1911 2382; baseline -0.002 -15"><span class='ocrx_word' id='word_1_158' title='bbox 307 2310 599 2367; x_wconf 75' lang='grc' dir='ltr'><em>’Ἑστωσαν</em></span> <span class='ocrx_word' id='word_1_159' title='bbox 631 2308 739 2382; x_wconf 79' lang='grc' dir='ltr'><em>γὰρ</em></span> <span class='ocrx_word' id='word_1_160' title='bbox 766 2310 851 2366; x_wconf 82' lang='grc' dir='ltr'><em>ἐπὶ</em></span> <span class='ocrx_word' id='word_1_161' title='bbox 878 2316 1019 2365; x_wconf 74' lang='grc' dir='ltr'><em>ἴσων</em></span> <span class='ocrx_word' id='word_1_162' title='bbox 1042 2307 1287 2366; x_wconf 77' lang='grc' dir='ltr'><em>εὐθειῶν</em></span> <span class='ocrx_word' id='word_1_163' title='bbox 1310 2313 1425 2366; x_wconf 80' lang='grc' dir='ltr'><em>τῶν</em></span> <span class='ocrx_word' id='word_1_164' title='bbox 1451 2316 1578 2380; x_wconf 83' lang='grc' dir='ltr'><em>ΑΒ,</em></span> <span class='ocrx_word' id='word_1_165' title='bbox 1612 2314 1715 2365; x_wconf 91' lang='grc' dir='ltr'><em>ΓΔ</em></span> <span class='ocrx_word' id='word_1_166' title='bbox 1745 2307 1911 2381; x_wconf 81' lang='grc' dir='ltr'><em>ὅμοια</em></span> 
     </span>
    </p>
   </div>
   <div class='ocr_carea' id='block_1_8' title="bbox 210 2397 1911 2563">
    <p class='ocr_par' dir='ltr' id='par_1_14' title="bbox 210 2397 1911 2563">
     <span class='ocr_line' id='line_1_29' title="bbox 210 2397 1911 2472; baseline -0.001 -16"><span class='ocrx_word' id='word_1_167' title='bbox 210 2399 468 2472; x_wconf 91' lang='grc' dir='ltr'><em>τμήματα</em></span> <span class='ocrx_word' id='word_1_168' title='bbox 505 2398 728 2455; x_wconf 82' lang='grc' dir='ltr'><em>κύκλων</em></span> <span class='ocrx_word' id='word_1_169' title='bbox 758 2397 825 2454; x_wconf 80' lang='grc' dir='ltr'><em>τὰ</em></span> <span class='ocrx_word' id='word_1_170' title='bbox 852 2404 1038 2470; x_wconf 86' lang='grc' dir='ltr'><em>ΑΕΒ,</em></span> <span class='ocrx_word' id='word_1_171' title='bbox 1077 2404 1274 2454; x_wconf 90' lang='grc' dir='ltr'><em>ΓΖΔ·</em></span> <span class='ocrx_word' id='word_1_172' title='bbox 1314 2399 1475 2470; x_wconf 79' lang='grc' dir='ltr'><em>λέγω,</em></span> <span class='ocrx_word' id='word_1_173' title='bbox 1516 2397 1602 2455; x_wconf 78' lang='grc' dir='ltr'><em>ὅτι</em></span> <span class='ocrx_word' id='word_1_174' title='bbox 1635 2405 1762 2454; x_wconf 75' lang='grc' dir='ltr'><em>ἴσον</em></span> <span class='ocrx_word' id='word_1_175' title='bbox 1796 2398 1911 2454; x_wconf 83' lang='grc' dir='ltr'><em>ἐστὶ</em></span> 
     </span>
     <span class='ocr_line' id='line_1_30' title="bbox 211 2487 1327 2563; baseline -0.003 -18"><span class='ocrx_word' id='word_1_176' title='bbox 211 2489 274 2545; x_wconf 89' lang='grc' dir='ltr'><em>τὸ</em></span> <span class='ocrx_word' id='word_1_177' title='bbox 315 2495 484 2545; x_wconf 91' lang='grc' dir='ltr'><em>ΑΕΒ</em></span> <span class='ocrx_word' id='word_1_178' title='bbox 523 2491 709 2560; x_wconf 86' lang='grc' dir='ltr'><em>τμῆμα</em></span> <span class='ocrx_word' id='word_1_179' title='bbox 747 2491 823 2563; x_wconf 77' lang='grc' dir='ltr'><em>τῷ</em></span> <span class='ocrx_word' id='word_1_180' title='bbox 864 2492 1034 2543; x_wconf 91' lang='grc' dir='ltr'><em>ΓΖΔ</em></span> <span class='ocrx_word' id='word_1_181' title='bbox 1071 2487 1327 2560; x_wconf 87' lang='grc' dir='ltr'><em>τμήματι.</em></span> 
     </span>
    </p>
   </div>
   <div class='ocr_carea' id='block_1_9' title="bbox 213 2599 570 2604">
    <p class='ocr_par' dir='ltr' id='par_1_15' title="bbox 213 2599 570 2604">
     <span class='ocr_line' id='line_1_31' title="bbox 213 2599 570 2604; baseline 0 0"><span class='ocrx_word' id='word_1_182' title='bbox 213 2599 570 2604; x_wconf 95' lang='lat' dir='ltr'><em> </em></span> 
     </span>
    </p>
   </div>
   <div class='ocr_carea' id='block_1_10' title="bbox 211 2633 1915 2920">
    <p class='ocr_par' dir='ltr' id='par_1_16' title="bbox 211 2633 1915 2920">
     <span class='ocr_line' id='line_1_32' title="bbox 336 2633 1910 2694; baseline -0.002 -12"><span class='ocrx_word' id='word_1_183' title='bbox 336 2643 374 2682; x_wconf 96' lang='grc'><em>1.</em></span> <span class='ocrx_word' id='word_1_184' title='bbox 409 2635 485 2694; x_wconf 78' lang='grc' dir='ltr'><em>αἱ]</em></span> <span class='ocrx_word' id='word_1_185' title='bbox 519 2633 547 2693; x_wconf 86' lang='grc' dir='ltr'>ἡ</span> <span class='ocrx_word' id='word_1_186' title='bbox 580 2636 636 2691; x_wconf 88' lang='lat' dir='ltr'><em>V,</em></span> <span class='ocrx_word' id='word_1_187' title='bbox 670 2650 788 2681; x_wconf 86' lang='lat' dir='ltr'><strong>c-orr.</strong></span> <span class='ocrx_word' id='word_1_188' title='bbox 819 2650 880 2680; x_wconf 90' lang='lat' dir='ltr'><em>m.</em></span> <span class='ocrx_word' id='word_1_189' title='bbox 908 2641 948 2680; x_wconf 80' lang='lat'><em>2.</em></span> <span class='ocrx_word' id='word_1_190' title='bbox 1086 2640 1127 2680; x_wconf 85' lang='lat'><em>2.</em></span> <span class='ocrx_word' id='word_1_191' title='bbox 1162 2633 1302 2694; x_wconf 83' lang='grc' dir='ltr'><em>εἰσίν]</em></span> <span class='ocrx_word' id='word_1_192' title='bbox 1337 2635 1480 2692; x_wconf 88' lang='lat' dir='ltr'><strong>PFp;</strong></span> <span class='ocrx_word' id='word_1_193' title='bbox 1514 2633 1611 2680; x_wconf 69' lang='grc' dir='ltr'><em>εἰσί</em></span> <span class='ocrx_word' id='word_1_194' title='bbox 1634 2633 1738 2679; x_wconf 92' lang='lat' dir='ltr'><em>BV.</em></span> <span class='ocrx_word' id='word_1_195' title='bbox 1870 2640 1910 2679; x_wconf 83' lang='lat'><em>6.</em></span> 
     </span>
     <span class='ocr_line' id='line_1_33' title="bbox 214 2691 1914 2753; baseline -0.002 -13"><span class='ocrx_word' id='word_1_196' title='bbox 214 2695 298 2753; x_wconf 74' lang='grc' dir='ltr'><em>κγ’</em></span> <span class='ocrx_word' id='word_1_197' title='bbox 355 2710 451 2742; x_wconf 89' lang='lat' dir='ltr'><em>non</em></span> <span class='ocrx_word' id='word_1_198' title='bbox 479 2695 632 2753; x_wconf 71' lang='lat' dir='ltr'>liquet</span> <span class='ocrx_word' id='word_1_199' title='bbox 661 2695 711 2739; x_wconf 87' lang='lat' dir='ltr'><em>in</em></span> <span class='ocrx_word' id='word_1_200' title='bbox 742 2695 792 2740; x_wconf 89' lang='lat' dir='ltr'><em>F.</em></span> <span class='ocrx_word' id='word_1_201' title='bbox 946 2699 986 2740; x_wconf 79' lang='lat'><em>7.</em></span> <span class='ocrx_word' id='word_1_202' title='bbox 1033 2693 1208 2739; x_wconf 80' lang='grc' dir='ltr'><strong><em>κύκλου</em></strong></span> <span class='ocrx_word' id='word_1_203' title='bbox 1241 2695 1290 2741; x_wconf 86' lang='lat' dir='ltr'><em>F.</em></span> <span class='ocrx_word' id='word_1_204' title='bbox 1457 2699 1497 2740; x_wconf 91' lang='lat'><em>8.</em></span> <span class='ocrx_word' id='word_1_205' title='bbox 1543 2691 1914 2752; x_wconf 85' lang='grc' dir='ltr'><em>συσταθήσεται]</em></span> 
     </span>
     <span class='ocr_line' id='line_1_34' title="bbox 211 2748 1912 2813; baseline -0.002 -13"><span class='ocrx_word' id='word_1_206' title='bbox 211 2755 295 2800; x_wconf 88' lang='grc' dir='ltr'><em>ΡΒ</em></span> <span class='ocrx_word' id='word_1_207' title='bbox 349 2771 401 2813; x_wconf 75' lang='lat' dir='ltr'><em>p3</em></span> <span class='ocrx_word' id='word_1_208' title='bbox 451 2753 831 2811; x_wconf 84' lang='grc' dir='ltr'><em>συσταθήσονται</em></span> <span class='ocrx_word' id='word_1_209' title='bbox 861 2753 965 2810; x_wconf 78' lang='lat' dir='ltr'><em>ch.</em></span> <span class='ocrx_word' id='word_1_210' title='bbox 1134 2750 1214 2810; x_wconf 74' lang='grc' dir='ltr'><em>ἐπὶ</em></span> <span class='ocrx_word' id='word_1_211' title='bbox 1253 2750 1311 2797; x_wconf 80' lang='grc' dir='ltr'><em>τὰ</em></span> <span class='ocrx_word' id='word_1_212' title='bbox 1344 2748 1467 2797; x_wconf 74' lang='grc' dir='ltr'><em>αὐτὰ</em></span> <span class='ocrx_word' id='word_1_213' title='bbox 1502 2751 1639 2811; x_wconf 79' lang='grc' dir='ltr'><em>μέρη]</em></span> <span class='ocrx_word' id='word_1_214' title='bbox 1671 2767 1765 2810; x_wconf 83' lang='lat' dir='ltr'><em>mg.</em></span> <span class='ocrx_word' id='word_1_215' title='bbox 1798 2767 1859 2797; x_wconf 92' lang='lat' dir='ltr'><em>m.</em></span> <span class='ocrx_word' id='word_1_216' title='bbox 1886 2757 1912 2797; x_wconf 83' lang='lat'>2</span> 
     </span>
     <span class='ocr_line' id='line_1_35' title="bbox 212 2810 1915 2871; baseline -0.001 -13"><span class='ocrx_word' id='word_1_217' title='bbox 212 2815 269 2859; x_wconf 92' lang='lat' dir='ltr'><em>V.</em></span> <span class='ocrx_word' id='word_1_218' title='bbox 424 2820 493 2861; x_wconf 90' lang='lat'><em>11.</em></span> <span class='ocrx_word' id='word_1_219' title='bbox 528 2810 670 2859; x_wconf 77' lang='grc' dir='ltr'><em>ἄνισα</em></span> <span class='ocrx_word' id='word_1_220' title='bbox 725 2828 807 2858; x_wconf 87' lang='grc' dir='ltr'><em>-σα</em></span> <span class='ocrx_word' id='word_1_221' title='bbox 839 2826 956 2858; x_wconf 83' lang='lat' dir='ltr'><strong>eras.</strong></span> <span class='ocrx_word' id='word_1_222' title='bbox 988 2812 1037 2858; x_wconf 81' lang='lat' dir='ltr'><em>F.</em></span> <span class='ocrx_word' id='word_1_223' title='bbox 1192 2817 1262 2857; x_wconf 82' lang='lat'><em>12.</em></span> <span class='ocrx_word' id='word_1_224' title='bbox 1295 2812 1447 2871; x_wconf 86' lang='grc' dir='ltr'><em>ΑΓΒ]</em></span> <span class='ocrx_word' id='word_1_225' title='bbox 1482 2826 1600 2857; x_wconf 86' lang='lat' dir='ltr'><strong>corr.</strong></span> <span class='ocrx_word' id='word_1_226' title='bbox 1632 2826 1690 2856; x_wconf 83' lang='lat' dir='ltr'><em>ex</em></span> <span class='ocrx_word' id='word_1_227' title='bbox 1719 2814 1858 2856; x_wconf 86' lang='grc' dir='ltr'><em>ΑΒΓ</em></span> <span class='ocrx_word' id='word_1_228' title='bbox 1883 2827 1915 2869; x_wconf 91' lang='lat' dir='ltr'>p</span> 
     </span>
     <span class='ocr_line' id='line_1_36' title="bbox 213 2868 1914 2920; baseline -0.002 -2"><span class='ocrx_word' id='word_1_229' title='bbox 213 2889 274 2918; x_wconf 91' lang='lat' dir='ltr'><em>m.</em></span> <span class='ocrx_word' id='word_1_230' title='bbox 304 2881 341 2918; x_wconf 93' lang='lat'><em>1.</em></span> <span class='ocrx_word' id='word_1_231' title='bbox 482 2879 550 2918; x_wconf 89' lang='grc'><em>13.</em></span> <span class='ocrx_word' id='word_1_232' title='bbox 588 2876 670 2917; x_wconf 91' lang='grc' dir='ltr'><em>ΓΒ</em></span> <span class='ocrx_word' id='word_1_233' title='bbox 727 2887 841 2920; x_wconf 82' lang='lat' dir='ltr'>corr,</span> <span class='ocrx_word' id='word_1_234' title='bbox 875 2886 931 2916; x_wconf 85' lang='lat' dir='ltr'><em>ex</em></span> <span class='ocrx_word' id='word_1_235' title='bbox 965 2875 1046 2916; x_wconf 89' lang='grc' dir='ltr'><em>ΓΔ</em></span> <span class='ocrx_word' id='word_1_236' title='bbox 1077 2871 1120 2916; x_wconf 90' lang='lat' dir='ltr'><strong>V</strong></span> <span class='ocrx_word' id='word_1_237' title='bbox 1151 2887 1212 2918; x_wconf 89' lang='lat' dir='ltr'><em>m.</em></span> <span class='ocrx_word' id='word_1_238' title='bbox 1239 2877 1280 2917; x_wconf 83' lang='lat'><em>2.</em></span> <span class='ocrx_word' id='word_1_239' title='bbox 1406 2877 1474 2917; x_wconf 84' lang='lat'><em>14.</em></span> <span class='ocrx_word' id='word_1_240' title='bbox 1510 2868 1638 2916; x_wconf 77' lang='grc' dir='ltr'><em>ἐστιν</em></span> <span class='ocrx_word' id='word_1_241' title='bbox 1668 2869 1717 2916; x_wconf 92' lang='grc' dir='ltr'><em>Ρ.</em></span> <span class='ocrx_word' id='word_1_242' title='bbox 1843 2876 1914 2915; x_wconf 89' lang='grc'><em>16.</em></span> 
     </span>
    </p>
   </div>
  </div>
 </body>
</html>
