1956 3074
100 1663 157 1703 10

98 2108 151 2148 15

937 835 1128 907 Ὅροι.

305 939 378 996 α’.
433 943 566 997 Πᾶν
627 939 1212 1014 παραλληλόγραμμον
1276 939 1635 1012 ὀρθογώνιον
1707 959 1887 1013 περι-

189 1031 465 1102 ε’χεσθαι
496 1029 711 1101 λέγεται
741 1027 851 1086 ὑπὸ
877 1029 981 1087 δύο
1014 1033 1127 1087 τῶν
1150 1029 1254 1103 τὴν
1289 1027 1477 1102 ὀρθὴν
1500 1034 1714 1101 γωνίαν
1738 1049 1887 1102 περι-

187 1122 438 1190 εχουσῶν
477 1117 736 1176 εὐθειῶν.

301 1207 375 1278 β’.
438 1207 665 1274 Παντὸς
734 1208 796 1265 δὲ
856 1207 1443 1283 παραλληλογράμμου
1503 1211 1714 1281 χωρίου
1774 1212 1888 1264 τῶν

188 1296 314 1369 περὶ
382 1295 487 1368 τὴν
556 1297 858 1372 διάμετρον
927 1295 1105 1355 αὐτοῦ
1166 1296 1762 1371 παραλληλογράμμων
1826 1299 1887 1352 ἓν

189 1381 497 1442 ὁποιονοῦν
523 1385 631 1443 σὺν
654 1398 772 1454 τοῖς
804 1388 934 1444 δυσὶ
961 1387 1442 1461 παραπληρώμασι
1481 1385 1762 1457 γνώμων
1793 1407 1887 1439 κα-

187 1476 411 1529 λείσθω.
974 1473 976 1475 ’
1044 1549 1058 1567 r

1001 1573 1036 1605 α
1062 1593 1074 1605 .

295 1648 443 1707 Ἐὰν
505 1645 626 1709 ὦσι
682 1651 801 1708 δύο
857 1650 1145 1724 εὐθεῖαι,
1206 1657 1427 1727 τμηθῇ
1480 1653 1553 1711 δὲ
1608 1649 1642 1725 ἡ
1700 1652 1887 1724 ἑτέρα

186 1736 404 1796 αὐτῶν
474 1743 568 1807 εἰς
638 1739 1108 1814 ὁσαδηποτοῦν
1169 1742 1498 1814 τμήματα,
1566 1740 1636 1798 τὸ
1707 1761 1886 1813 περι-

185 1827 508 1900 εχόμενον
576 1828 1004 1902 ὀρθογώνιον
1057 1828 1182 1887 ὑπὸ
1236 1834 1365 1887 τῶν
1421 1830 1541 1887 δύο
1598 1827 1885 1887 εὐθειῶν

186 1924 335 1974 ἴσον
391 1919 527 1975 ἐστὶ
572 1930 712 1985 τοῖς
756 1917 883 1975 ὑπό
929 1942 994 1976 τε
1049 1924 1161 1992 τῆς
1219 1919 1511 1992 ἀτμήτου
1567 1919 1674 1975 καὶ
1737 1918 1882 1975 ἑκά-

186 2024 343 2064 στου
367 2012 496 2065 τών
520 2007 871 2080 τμημάτων
895 2009 1396 2081 περιεχομένοις
1420 2005 1883 2080 ὀρθογωνίοις.

284 2095 578 2154 ’Ἐστωσαν
618 2096 723 2153 διό
765 2094 983 2153 εὐθεῖαι
1023 2099 1085 2152 αἱ
1113 2105 1185 2167 A,
1224 2101 1345 2168 ΒΓ,
1384 2097 1474 2152 καὶ
1515 2096 1810 2169 τετμήσθω
1849 2095 1884 2168 ἡ

186 2191 317 2258 ΒΓ,
358 2184 434 2252 ὡς
472 2190 689 2259 ἔτυχεν,
736 2184 874 2241 κατὰ
913 2184 982 2242 τὰ
1023 2193 1103 2256 Δ,
1143 2193 1197 2241 Ε
1231 2197 1451 2259 σημεῖα·
1491 2186 1652 2258 λέγω,
1697 2183 1783 2241 ὅτι
1820 2183 1883 2241 τὸ

183 2271 295 2330 ὑπὸ
336 2276 451 2330 τῶν
489 2281 568 2344 A,
615 2278 725 2328 ΒΓ
763 2273 1161 2346 περιεχομένου
1201 2271 1561 2347 ὀρθογώνιον
1601 2280 1728 2330 ἴσον
1768 2274 1884 2330 ἐστὶ

183 2366 260 2437 τῷ
309 2384 366 2418 τε
412 2359 523 2418 ὑπὸ
570 2364 686 2418 τῶν
724 2369 802 2433 A,
850 2368 963 2418 BA
1001 2364 1374 2439 περιεχομένῳ
1416 2361 1749 2438 ὀρθογωνίῳ
1789 2363 1882 2419 καὶ

183 2453 260 2525 τῷ
300 2448 411 2507 ὑπὸ
450 2454 563 2507 τῶν
603 2458 674 2522 A,
715 2457 833 2507 ΔΕ
867 2451 959 2506 καὶ
999 2455 1078 2507 ἔτι
1117 2455 1192 2526 τῷ
1233 2450 1342 2508 ὑπὸ
1381 2455 1494 2508 τῶν
1534 2459 1603 2522 A,
1645 2456 1761 2508 ΕΓ.

303 2628 406 2674 Def.
436 2634 473 2673 1.
518 2629 643 2675 Hero
677 2628 768 2675 def.
802 2634 873 2675 57.
921 2629 1112 2675 Boetius
1143 2645 1188 2687 p.
1214 2634 1380 2686 378‚8.
1533 2630 1635 2675 Des.
1671 2636 1710 2675 2.
1756 2631 1880 2676 Hero

185 2688 275 2733 def.
309 2692 378 2733 58.
427 2687 619 2734 Proclus
650 2688 700 2733 in
730 2687 848 2734 Tim.
882 2690 992 2734 83d.
1040 2690 1231 2735 Boetius
1262 2704 1307 2747 p.
1333 2693 1524 2745 378,11.
1675 2689 1811 2747 Prop.
1845 2691 1879 2734 Ι.

187 2747 410 2792 Eutocius
442 2747 493 2792 in
524 2747 730 2793 Archim.
764 2748 831 2793 III
861 2764 907 2806 p.
932 2753 1004 2805 40,
1024 2753 1094 2794 29.
1129 2754 1231 2806 256,
1248 2754 1288 2795 7.
1335 2748 1527 2795 Boetius
1558 2764 1601 2807 p.
1629 2753 1730 2805 385,
1748 2755 1786 2794 4.

304 2891 568 2940 Εὐκλείδου
601 2897 842 2953 στοιχείων
874 2893 1100 2967 δεύτερον
1139 2897 1197 2951 Β;
1256 2893 1520 2942 Ευκλείδου
1553 2893 1607 2942 ἐκ
1637 2898 1719 2954 τῆς
1753 2896 1879 2942 Θέω-

187 2970 267 3005 νος
307 2950 542 3006 ἐκδόσεως
580 2957 821 3012 στοιχείων
852 2952 1076 3012 δεύτερον
1108 2955 1170 3010 V3
1228 2952 1492 3001 Ευκλείδου
1525 2958 1765 3013 στοιχείων
1796 2957 1879 3013 τῆς
