1956 3074
244 126 354 178 160
874 130 1212 173 ΣΤΟΙΧΕῙΩΝ
1244 126 1308 188 β’.

345 242 438 300 Ἐν
471 243 582 317 ἄρα
619 256 738 311 τοῖς
776 244 1103 317 ὀξυγωνίοις
1141 247 1434 319 τριγώνοις
1466 246 1527 304 τὸ
1560 247 1668 304 ἀπὸ
1701 253 1799 320 τῆς
1829 250 1931 322 τὴν

239 331 426 399 ὀξεῖαν
458 338 671 404 γωνίαν
702 332 1109 407 ὑποτεινούσης
1139 340 1381 407 πλευρᾶς
1404 336 1757 409 τετράγωνον
1783 342 1932 394 ἔλατ-

237 421 339 477 τόν
373 423 488 477 ἐστι
518 426 632 478 τῶν
672 420 780 479 ἀπὸ
814 427 928 479 τῶν
959 422 1062 495 τὴν
1095 423 1280 491 ὀξεῖαν
1312 430 1526 496 γωνίαν
1557 429 1932 497 περιεχουσῶν

237 513 497 583 πλευρῶν
535 510 902 583 τετραγώνων
941 515 1016 585 τῷ
1057 513 1427 588 περιεχομένῳ
1462 513 1548 579 δὶς
1578 511 1691 569 ὑπό
1722 536 1780 569 τε
1807 517 1934 585 μιᾶς

179 611 206 651 5
237 601 352 654 τῶν
390 598 515 670 περὶ
554 599 659 670 τὴν
692 597 878 665 ὀξεῖαν
910 605 1142 671 γωνίαν,
1184 599 1273 673 ἐφ’
1309 598 1382 672 ἣν
1414 599 1447 673 ἡ
1473 602 1711 668 κάθετος
1734 607 1931 674 πίπτει,

238 685 331 740 καὶ
369 688 468 757 τῆς
506 684 1044 759 ἀπολαμβανομένης
1076 688 1233 755 ἐντὸς
1265 688 1375 746 ὑπὸ
1408 694 1505 762 τῆς
1527 692 1772 747 καθέτου
1795 689 1933 764 πρὸς

237 777 303 846 τῇ
345 772 496 849 ὀξείᾳ
534 780 742 849 γωνία·
784 773 918 848 ὅπερ
959 780 1071 832 ἔδει
1111 779 1300 845 δεῖξαι.

1036 938 1138 995 ιδ’.

357 1043 452 1114 Τῷ
501 1042 776 1097 δοθέντι
825 1040 1270 1119 εὐθυγράμμῳ
1323 1051 1471 1099 ἴσον
1510 1043 1931 1116 τετράγωνον

152 1142 208 1183 10
242 1128 721 1201 συστήσασθαι.

335 1215 516 1273 ’Ἑστω
557 1218 618 1274 τὸ
663 1218 840 1276 δοθὲν
880 1216 1287 1292 εὐθύγραμμον
1326 1220 1388 1276 τὸ
1422 1228 1502 1276 A·
1544 1225 1634 1277 δεῢ
1670 1220 1738 1293 δὴ
1773 1225 1848 1298 τῷ
1881 1230 1933 1277 Α

238 1303 620 1383 εὐθυγράμμῳ
662 1315 788 1363 ἴσον
827 1308 1180 1379 τετράγωνον
1221 1310 1625 1381 συστήσασθαι.

349 1394 684 1452 Συνεστάτω
725 1395 832 1468 γὰρ
872 1399 947 1473 τῷ
989 1404 1041 1451 A
1073 1394 1454 1473 εὐθυγράμμῳ
1497 1407 1621 1455 ἴσον
1658 1406 1931 1471 παραλλη-

235 1482 563 1556 λόγραμμον
603 1482 963 1556 ὀρθογώνιον
1001 1485 1063 1541 τὸ
1098 1492 1231 1541 ΒΔ·
1276 1490 1327 1542 εἰ
1363 1486 1464 1558 μὲν
1506 1481 1611 1544 οὖν
1651 1496 1742 1560 ἴση
1783 1488 1932 1544 ἐστὶν

148 1584 203 1624 15
235 1594 270 1643 η
312 1578 424 1627 ΒΕ
465 1576 531 1646 τῇ
572 1578 708 1641 ΕΔ,
756 1572 991 1644 γεγονὸς
1048 1570 1119 1630 ἂν
1168 1581 1252 1646 εἴη
1299 1573 1361 1631 τὸ
1412 1577 1724 1649 ἐπιταχθέν.
1801 1593 1931 1632 συν-

235 1661 456 1716 έσταται
502 1661 609 1735 γὰρ
656 1665 732 1739 τῷ
773 1669 827 1718 A
872 1661 1253 1739 εὐθυγράμμῳ
1303 1671 1430 1720 ἴσον
1481 1664 1831 1738 τετράγωνον
1869 1669 1931 1722 τὸ

234 1755 380 1804 ΒΔ·
421 1753 472 1805 εἰ
510 1750 572 1806 δὲ
613 1749 700 1822 οὔ,
741 1756 839 1823 μία
878 1756 992 1808 τῶν
1031 1760 1156 1824 ΒΕ,
1198 1759 1312 1809 ΕΛ
1342 1759 1542 1825 μείζων
1581 1756 1746 1810 ἐστίν.
1794 1758 1930 1810 ἔστω

234 1843 434 1909 μείζων
474 1836 508 1910 ἡ
550 1845 680 1911 ΒΕ,
720 1840 813 1895 καὶ
854 1841 1213 1913 ἐκβεβλήσθω
1255 1843 1341 1899 ἐπὶ
1380 1841 1443 1899 τὸ
1486 1849 1549 1914 Ζ,
1589 1843 1681 1898 καὶ
1719 1847 1930 1899 κείσθω

233 1930 299 1999 τῇ
340 1933 455 1982 ΕΔ
502 1935 593 1999 ἴση
643 1926 678 1999 ἡ
734 1935 856 2000 ΕΖ,
906 1930 999 1985 καὶ
1045 1930 1337 2002 τετμήσθω
1384 1928 1418 2002 ἡ
1468 1937 1572 1986 ΒΖ
1621 1935 1747 2003 δίχα
1792 1930 1930 1987 κατὰ

146 2027 202 2067 20
234 2013 296 2071 τὸ
330 2021 404 2083 Η,
443 2017 537 2071 καὶ
575 2018 786 2092 κέντρῳ
826 2021 902 2093 τῷ
942 2023 1017 2089 Η,
1059 2019 1388 2091 διαστήματι
1429 2018 1492 2075 δὲ
1531 2020 1615 2075 ἑνὶ
1654 2023 1766 2076 τῶν
1798 2026 1930 2092 ΗΒ,

233 2109 344 2158 ΗΖ
382 2101 716 2174 ἡμικύκλιον
762 2105 1070 2178 γεγράφθω
1116 2106 1179 2163 τὸ
1220 2113 1400 2178 ΒΘΖ,
1438 2107 1529 2163 καὶ
1571 2108 1928 2180 ἐκβεβλήσθω

233 2189 268 2263 ἡ
310 2197 426 2246 ΛΕ
461 2192 550 2248 ἐπὶ
588 2191 651 2248 τὸ
692 2199 756 2263 Θ,
795 2194 887 2248 καὶ
930 2195 1242 2268 ἐπεζεύχθω
1283 2194 1318 2267 ἡ
1362 2201 1490 2252 ΗΘ.

339 2281 486 2336 Ἐπεὶ
527 2275 633 2337 οὖν
674 2280 869 2338 εὐθεῖα
907 2284 946 2354 ἠ
981 2289 1083 2339 ΒΖ
1114 2285 1369 2355 τέτμηται
1410 2288 1488 2350 εἰς
1527 2285 1629 2357 μὲν
1667 2292 1759 2341 ἴσα
1791 2283 1926 2341 κατὰ

355 2449 392 2488 1.
428 2440 500 2502 ἐν]
532 2444 656 2488 inter
688 2460 708 2488 ε
744 2446 791 2488 eb
822 2461 849 2489 ν
881 2459 971 2491 ras,
1009 2451 1031 2489 l
1064 2446 1157 2491 litt.
1193 2447 1246 2491 V.
1399 2453 1440 2493 2.
1476 2446 1672 2493 ἔλασσον
1704 2448 1756 2493 F.
1886 2453 1928 2493 3.

234 2497 362 2546 ἐστίν
393 2502 450 2547 V.
587 2509 628 2548 4.
661 2503 734 2562 τε]
768 2516 856 2548 om.
891 2505 941 2549 F.
1079 2511 1118 2550 6.
1155 2502 1308 2564 ἐντός]
1342 2520 1432 2552 om.
1465 2508 1517 2552 P.
1652 2512 1721 2553 11.
1752 2503 1806 2552 τὸ
1840 2505 1928 2564 μὲν

231 2559 383 2606 δοθέν
414 2576 459 2618 p.
586 2568 655 2607 13.
688 2560 796 2621 γάρ]
832 2577 921 2607 om.
953 2579 998 2621 p.
1124 2569 1193 2609 14.
1228 2565 1336 2623 BA]
1372 2569 1554 2611 ΒΓΔΕ
1585 2582 1636 2624 p3
1669 2566 1718 2610 in
1748 2579 1837 2611 ras.
1870 2565 1927 2610 V.

296 2624 364 2664 15.
414 2619 715 2680 συνέσταται]
765 2622 917 2677 ΡΒΕ,
970 2624 1008 2665 V
1040 2639 1098 2667 m.
1141 2629 1190 2678 23
1247 2622 1512 2670 συνεστάτω
1555 2626 1594 2670 V
1627 2641 1688 2670 m.
1717 2630 1763 2680 13
1819 2639 1924 2669 συν·

233 2680 419 2724 ίσταται
450 2696 495 2737 p.
637 2686 703 2725 17.
739 2677 818 2740 οὔ]
847 2684 1020 2753 ‘positea
1052 2682 1158 2727 add.
1191 2683 1242 2727 F.
1394 2685 1509 2729 Post
1541 2686 1624 2742 μία
1660 2690 1682 2729 1
1716 2684 1809 2728 list.
1843 2684 1925 2741 (αἳ)

231 2751 348 2782 eras.
380 2738 430 2785 F.
557 2744 625 2784 18.
659 2736 981 2799 ἒκβεβλησθαι
1012 2759 1062 2798 φ.
1158 2747 1225 2788 19.
1260 2743 1369 2801 ΕΖ]
1406 2746 1491 2788 ΖΕ
1522 2744 1619 2788 BF.
1712 2748 1782 2789 20.
1815 2742 1925 2801 καί]

230 2799 397 2853 postea
435 2798 540 2842 add.
581 2799 631 2844 F.
786 2797 984 2861 κέντρῳ]
1028 2800 1135 2856 ΡΒ,
1168 2801 1204 2845 F
1237 2817 1299 2848 m.
1329 2807 1372 2858 13
1422 2802 1602 2863 κέντρῳ
1635 2800 1721 2860 μέν
1754 2803 1858 2860 Vp,
1889 2802 1925 2846 F

230 2870 290 2899 m.
317 2861 358 2901 2.
510 2859 623 2917 ΗΒ]
659 2861 755 2902 ΒΗ
784 2859 880 2904 BF.
1062 2865 1131 2905 23.
1166 2853 1273 2919 οὖν]
1308 2875 1396 2907 om.
1430 2862 1479 2907 F.
1514 2861 1616 2918 Seq.
1650 2875 1740 2906 ras.
1777 2867 1798 2905 1
1832 2862 1924 2906 litis.

230 2913 285 2959 V.
409 2916 510 2974 BZ]
542 2917 593 2960 in
624 2932 713 2962 ras.
748 2918 802 2962 V.
928 2917 1015 2977 εἰς]
1049 2936 1092 2970 -ς
1124 2934 1265 2976 supra
1294 2935 1354 2964 m.
1378 2926 1399 2964 1
1436 2921 1490 2966 V.
