1956 3074
135 575 160 615 5

104 1017 161 1058 10

106 1459 159 1500 15

104 1883 174 1944 20'

198 88 267 139 14
825 86 1161 131 ΣΤΟΙΧΕΙΩΝ
1193 102 1223 129 α
1232 83 1260 130 ’.

193 204 420 271 εὐθείας
453 216 573 272 ταῖς
597 211 652 260 A
663 213 733 276 Α,
759 211 869 260 ΔΒ
903 201 1121 260 εὐθεῖαι
1155 205 1216 258 αἱ
1237 210 1366 274 ΑΕ,
1390 206 1513 275 ΒΖ,
1552 204 1644 259 καὶ
1676 205 1887 280 κέντρῳ

193 295 294 366 μὲν
333 298 408 371 τῷ
450 301 496 350 Β
537 293 867 366 διαστήματι
909 293 970 348 δὲ
1009 296 1083 368 τῷ
1125 297 1235 347 ΒΓ
1266 291 1468 358 κύκλος
1505 293 1812 366 γεγράφθω
1852 290 1884 348 ὁ

193 389 383 454 ΓΗΘ,
423 384 515 439 καὶ
547 383 716 439 πάλιν
748 383 958 457 κέντρῳ
989 384 1066 457 τῷ
1094 388 1147 435 Δ
1177 379 1269 435 καὶ
1303 380 1630 453 διαστήματι
1661 385 1736 458 τῷ
1765 387 1889 436 ΔΗ

194 472 396 538 κύκλος
435 471 743 578 γεγράφθω
785 469 814 527 ὁ
855 476 1053 526 ΗΚΛ.

299 559 448 616 Ἐπεὶ
496 553 602 616 οὐν
650 558 712 615 τὸ
753 565 800 614 Β
841 569 1073 630 σημεῖον
1118 559 1352 629 κέντρον
1400 559 1513 614 ε’στὶ
1560 566 1661 614 τοῦ
1698 563 1885 627 ΓΗΘ,

194 656 285 721 ἴση
335 650 486 705 ἐστιν
525 647 559 720 ἡ
599 653 710 704 ΒΓ
741 651 806 721 τῇ
848 653 977 703 ΒΗ.
1052 646 1242 717 πάλιν,
1291 647 1406 703 ἐπεὶ
1445 646 1508 702 τὸ
1551 654 1606 701 Δ
1646 657 1879 717 σημεῖον

190 738 425 809 κέντρον
466 736 582 792 ε’στὶ
622 740 722 792 τοῦ
761 742 946 791 ΗΚΛ
983 735 1210 806 κύκλου,
1263 743 1354 806 ἴση
1397 735 1546 791 ἐστὶν
1586 733 1620 806 ἡ
1662 742 1718 790 Δ
1731 740 1779 790 Λ
1816 738 1882 807 τῇ

194 831 340 896 ΛΗ,
382 818 464 881 ὧν
503 823 537 896 ἡ
572 831 688 880 ΛΑ
726 827 792 897 τῇ
827 830 937 879 ΑΒ
979 831 1070 896 ἴση
1112 826 1276 880 ἐστίν.
1340 822 1506 895 λοιπὴ
1540 823 1649 895 ἄρα
1689 821 1722 895 ἡ
1774 830 1885 878 ΑΛ

194 917 360 988 λοιπῇ
415 917 481 987 τῇ
540 919 663 969 ΒΗ
724 915 875 969 ἐστιν
945 919 1052 985 ἴση.
1146 915 1373 985 ἐδείχθη
1432 912 1493 968 δὲ
1546 912 1638 967 καὶ
1694 909 1726 983 ἡ
1783 915 1894 967 ΒΓ

192 1007 258 1076 τῇ
299 1008 422 1058 ΒΗ
455 1010 576 1074 ἴση·
617 1002 847 1074 ἑκατέρα
886 1000 996 1073 ἄρα
1035 1005 1148 1057 τῶν
1180 1007 1311 1072 ΑΛ,
1336 1006 1444 1056 ΒΓ
1475 1003 1540 1073 τῇ
1580 1006 1702 1055 ΒΗ
1735 1002 1884 1056 ἐστιν

194 1098 300 1163 ἴση.
361 1089 428 1147 τὰ
471 1090 533 1147 δὲ
571 1093 646 1167 τῷ
689 1089 837 1166 αὐτῷ
880 1096 972 1145 ἴσα
1011 1089 1103 1144 καὶ
1142 1087 1403 1160 ἀλλήλοις
1441 1089 1592 1145 ἐστὶν
1631 1094 1752 1143 ἴσα·
1791 1088 1884 1143 καὶ

192 1177 226 1251 ἡ
269 1185 382 1235 ΑΛ
420 1178 530 1252 ἄρα
569 1182 634 1252 τῇ
675 1184 790 1234 ΒΓ
823 1180 973 1234 ἐστιν
1014 1185 1122 1249 ἴση.

304 1268 460 1342 Πρὸς
500 1266 615 1340 ’ἄρα
661 1276 736 1344 τῷ
787 1267 1017 1323 δοθέντι
1065 1271 1271 1342 σημείῳ
1318 1271 1394 1341 τῷ
1436 1274 1488 1322 A
1534 1269 1599 1340 τῇ
1649 1270 1883 1338 δοθείσῃ

192 1356 390 1431 εὐθείᾳ
444 1360 510 1431 τῇ
551 1361 661 1412 ΒΓ
709 1363 800 1426 ἴση
847 1352 1044 1411 εὐθεῖα
1091 1367 1263 1410 κεῖται
1310 1353 1344 1426 ἡ
1384 1361 1526 1411 ΑΛ·
1589 1353 1723 1427 ὅπερ
1772 1358 1884 1410 ἔδει

191 1448 435 1518 ποιῆσαι.

1002 1516 1074 1587 γ’.

304 1622 446 1679 Δύο
504 1623 838 1678 δοθεισῶν
902 1617 1190 1675 εὐθειῶν
1252 1617 1504 1676 ἀνίσων
1574 1618 1697 1676 άπὸ
1773 1622 1887 1692 τῆς

192 1716 495 1783 μείζονος
533 1714 606 1784 τῇ
649 1709 963 1766 ἐλάσσονι
1005 1715 1154 1779 ἴσην
1194 1706 1469 1764 εὐθεῖαν
1508 1706 1797 1780 ἀφελεῖν.

288 1799 580 1855 ’Έστωσαν
628 1800 690 1853 αἱ
726 1801 983 1854 δοθεῖσαι
1027 1795 1132 1852 δύο
1173 1794 1391 1852 εὐθεῖαι
1431 1794 1617 1852 ἄνισοι
1658 1798 1719 1852 αἱ
1755 1803 1883 1867 ΑΒ,

195 1893 259 1960 Γ,
299 1881 380 1944 οἷν
420 1891 619 1958 μείζων
661 1891 798 1942 ἔστω
838 1883 872 1957 ἡ
914 1891 1051 1940 ΑΒ·
1115 1888 1204 1940 δεῖ
1240 1883 1309 1956 δὴ
1349 1882 1458 1940 άπὸ
1499 1889 1597 1957 τῆς
1635 1889 1885 1957 μείζονος

189 1981 288 2049 τῆς
329 1982 434 2033 ΑΒ
474 1979 539 2048 τῇ
581 1974 841 2031 ἐλάσσονι
880 1977 945 2047 τῇ
987 1978 1040 2029 Γ
1072 1980 1200 2045 ἴσην
1240 1971 1473 2030 εὐθεῖαν
1514 1971 1755 2046 ἀφελεῖν.

304 2070 535 2122 Κείσθω
582 2061 722 2136 πρὸς
766 2065 842 2138 τῷ
884 2069 937 2117 Α
987 2067 1194 2137 σημείῳ
1246 2065 1311 2135 τῇ
1360 2067 1414 2118 Γ
1458 2060 1653 2137 εὐθείᾳ
1705 2070 1795 2134 ἴση
1849 2060 1882 2133 ἡ

191 2163 337 2211 ΑΔ·
393 2154 484 2209 καὶ
531 2154 738 2228 κέντρῳ
787 2151 888 2223 μὲν
935 2154 1010 2227 τῷ
1052 2159 1103 2206 Α
1154 2150 1485 2223 διαστήματι
1533 2150 1595 2207 δὲ
1642 2154 1718 2228 τῷ
1766 2158 1884 2207 ΑΛ

189 2243 390 2308 κύκλος
427 2241 735 2314 γεγράφθω
778 2238 807 2296 ὁ
850 2246 1030 2297 ΔΕΖ.

310 2362 386 2407 ΙΙΙ.
419 2359 610 2406 Boetius
641 2375 685 2418 p.
713 2364 814 2419 380,
833 2363 858 2403 5
895 2359 957 2418 [p.
987 2360 1108 2418 392]

210 2468 218 2474 ’
314 2472 350 2510 1.
387 2461 586 2514 εὐθείας
613 2461 716 2507 FV.
840 2466 881 2506 3
915 2461 1092 2533 κέντρῳ
1126 2462 1213 2520 μέν
1243 2462 1300 2510 V.
1405 2462 1491 2536 τῷ]
1520 2462 1594 2507 bis
1625 2463 1662 2506 B
1696 2462 1762 2518 (in
1792 2463 1882 2508 fine

191 2527 239 2570 et
268 2525 405 2570 initio
438 2524 585 2580 linn..)
677 2521 760 2566 καὶ
790 2509 1090 2580 διαστήματι]
1124 2519 1404 2580 διαστήματι
1436 2509 1491 2567 δέ
1517 2520 1572 2568 V.
1668 2527 1707 2567 5.
1736 2523 1882 2567 ΓΗΘ

190 2581 364 2629 κύκλου
396 2583 548 2639 BFV,
579 2580 615 2624 P
646 2595 707 2625 m.
739 2594 832 2625 ree.
1000 2587 1039 2626 6.
1074 2583 1186 2640 ΒΓ]
1223 2585 1307 2626 ΓΒ
1339 2582 1387 2627 F.
1534 2581 1615 2625 καὶ
1645 2577 1787 2625 πάλιν
1819 2581 1881 2635 V;

189 2640 331 2688 πάλιν
364 2641 417 2688 δέ
451 2642 623 2699 (supra)
654 2655 699 2697 p.
826 2645 864 2684 7
900 2636 1026 2684 ἐστίν
1058 2642 1107 2686 Ρ.
1201 2645 1240 2686 8.
1276 2637 1422 2699 ἐστίν]
1455 2637 1558 2695 PF3
1595 2637 1691 2685 ἐστι
1721 2640 1880 2697 uulgo.

251 2708 291 2748 9.
324 2703 401 2762 τῇ]
435 2715 525 2746 om.
556 2701 601 2745 b.
726 2705 793 2744 10.
826 2699 882 2756 τῇ
916 2701 1036 2758 ΒΗ]
1073 2700 1190 2756 (alt.)
1217 2701 1422 2758 sup1·.ab
1548 2704 1615 2744 11.
1650 2699 1748 2757 ἴσα]
1765 2699 1882 2755 (alt.)

189 2779 243 2806 -α
275 2762 324 2806 in
354 2776 445 2807 ras.
477 2762 526 2805 P.
668 2764 737 2803 12.
771 2759 883 2816 ΒΓ]
919 2762 1002 2803 ΓΒ
1035 2759 1084 2803 F.
1225 2765 1295 2807 13.
1326 2760 1448 2804 Ante
1480 2755 1596 2814 πρός
1625 2771 1714 2803 ras.
1746 2757 1882 2802 unius

188 2820 280 2865 litt.
305 2821 350 2865 b.
446 2824 514 2864 18.
550 2814 761 2863 ἐλάττονι
795 2818 891 2863 BF.
996 2814 1219 2877 εὐθεῖαν]
1256 2833 1343 2864 om
1361 2818 1566 2863 Proclus.
1669 2822 1737 2863 19.
1772 2813 1879 2873 δύο]

190 2895 279 2925 om.
306 2880 354 2924 F.
486 2875 661 2937 ανισοι]
695 2874 775 2922 οἷν-
809 2892 949 2935 supra
978 2893 1038 2923 m.
1060 2883 1081 2922 1
1116 2878 1166 2923 F.
1303 2883 1373 2923 20.
1406 2877 1520 2923 Post
1552 2879 1596 2921 Γ
1622 2889 1709 2922 ras
1740 2881 1761 2919 1
1787 2875 1879 2920 litt.
