1956 3074
108 152 111 153 ⁷
197 134 308 187 204
837 136 1175 180 mommsen
1205 133 1268 193 γ’.

196 255 311 308 τῶν
349 256 479 322 ΓΗ,
516 257 652 322 ΗΕ,
695 245 777 308 ὦν
816 252 878 309 τὸ
919 251 1029 309 ἀπὸ
1070 257 1170 324 τῆς
1200 260 1308 309 ΑΖ
1349 261 1476 310 ἴσον
1515 255 1631 311 ἐστὶ
1669 259 1745 332 τῷ
1784 254 1894 313 ἀπὸ

196 343 294 411 τῆς
333 345 472 395 ΓΗ·
537 347 629 411 ἴση
676 341 784 414 γάρ
825 343 975 397 ἐστιν
1014 340 1049 413 ἡ
1090 348 1199 398 ΑΖ
1236 345 1303 415 τῇ
1344 347 1484 398 ΓΗ·
1547 341 1747 399 λοιπὸν
1786 342 1897 415 ἄρα

196 429 259 486 τὸ
300 427 408 486 ἀπὸ
450 432 550 500 τῆς
589 436 698 484 ΖΕ
723 434 798 506 τῷ
839 429 947 486 ἀπὸ
988 433 1086 502 τῆς
1116 436 1235 486 ΕΗ
1267 439 1393 487 ἴσον
1434 433 1613 488 ἐστίν·
1654 440 1746 503 ἴση
1786 430 1897 504 ἄρα

197 516 231 590 ἡ
272 525 374 575 ΕΖ
420 521 486 591 τῇ
527 523 657 573 ΕΗ.
734 520 795 573 ἐν
844 518 906 574 δὲ
953 518 1138 593 κύκλῳ
1187 525 1314 575 ἴσον
1359 518 1585 591 ἀπέχειν
1634 517 1744 576 ἀπὸ
1792 525 1894 577 τοῦ

138 616 165 656 5
195 608 431 678 κέντρου
478 603 698 662 εὐθεῖαι
745 607 1028 678 λέγονται,
1082 605 1218 663 ὅταν
1265 610 1328 662 αἱ
1371 606 1479 664 ἀπὸ
1520 611 1621 664 τοῦ
1661 610 1898 681 κέντρου

198 693 281 751 ἐπ’
334 693 507 761 αὐτὰς
555 694 790 750 κάθετοι
828 693 1099 766 ἀγόμεναι
1140 702 1257 751 ἴσαι
1297 689 1459 752 ὦσιν·
1522 698 1584 751 αἰ
1618 695 1729 769 ἄρα
1768 703 1898 769 ΑΒ,

195 788 302 839 ΓΔ
341 790 467 840 ἴσον
507 781 812 856 ἀπέχουσιν
852 781 962 840 ἀπὸ
1002 788 1105 840 τοῦ
1145 785 1394 858 κέντρου.

303 869 466 928 ’Λλλὰ
502 871 572 944 δὴ
607 875 669 927 αἱ
690 880 742 928 Α
752 879 818 942 Β,
856 878 962 928 ΓΔ
989 871 1210 929 εὐθεῖαι
1242 881 1370 930 ἴσον
1399 872 1755 946 ἀπεχέτωσαν
1788 873 1896 932 ἀπὸ

195 963 296 1017 τοῦ
335 962 589 1032 κέντρου,
629 963 916 1018 τουτέστιν
957 968 1049 1033 ἴση
1089 967 1225 1019 ἔστω
1265 960 1427 1034 ἡΕΖ
1458 967 1524 1037 τῇ
1558 969 1687 1019 ΕΗ.
1735 964 1898 1035 λέγω,

110 1059 165 1100 10
198 1046 285 1104 ὅτι
325 1057 417 1121 ἴση
458 1049 574 1106 ἐστὶ
613 1050 706 1104 καὶ
745 1047 780 1121 ἡ
821 1056 930 1106 ΑΒ
968 1054 1035 1124 τῇ
1076 1055 1197 1106 ΓΔ.

315 1141 443 1194 Τῶν
497 1137 606 1210 γὰρ
663 1135 852 1195 αὐτῶν
906 1139 1479 1195 κατασκευασθέντων
1535 1137 1742 1211 ὁμοίως
1789 1143 1896 1196 δεί-
1953 1190 1956 1195 .

195 1227 380 1298 ξομεν,
422 1225 507 1282 ὅτι
548 1229 714 1298 διπλῆ
757 1228 909 1282 ἐστιν
947 1225 982 1298 ἡ
1022 1226 1124 1299 μὲν
1164 1233 1274 1282 ΑΒ
1313 1230 1410 1300 τῆς
1450 1234 1573 1299 ΑΖ,
1615 1226 1649 1299 ἡ
1692 1228 1755 1284 δὲ
1793 1233 1898 1284 ΓΔ

193 1317 292 1386 τῆς
329 1319 472 1370 ΓΗ·
520 1315 613 1370 καὶ
654 1315 770 1371 ἐπεὶ
812 1323 904 1386 ἴση
945 1312 1163 1386 ἐστὶνὴ
1206 1322 1317 1371 ΑΕ
1354 1319 1419 1389 τῇ
1460 1321 1582 1387 ΓΕ,
1623 1323 1750 1372 ἴσον
1783 1317 1899 1373 ἐστὶ

193 1401 257 1459 τὸ
309 1400 419 1459 ἀπὸ
458 1406 556 1475 τῆς
595 1410 648 1458 Α
660 1409 712 1458 Ε
746 1405 823 1479 τῷ
863 1399 973 1459 ἀπὸ
1013 1405 1110 1474 τῆς
1150 1407 1281 1458 ΓΕ·
1345 1401 1486 1460 ἀλλὰ
1526 1408 1602 1481 τῷ
1643 1404 1746 1477 μὲν
1784 1403 1896 1462 ἀπὸ

108 1503 161 1544 15
193 1495 292 1564 τῆς
338 1498 454 1548 ΑΕ
497 1499 591 1548 ἴσα
632 1491 746 1548 ἐστὶ
785 1490 854 1547 τὰ
893 1489 1002 1547 ἀπὸ
1042 1495 1157 1547 τῶν
1197 1498 1327 1562 ΕΖ,
1377 1499 1514 1564 ΖΑ,
1567 1497 1642 1570 τῷ
1685 1492 1747 1550 δὲ
1787 1492 1897 1549 ἀπὸ

194 1583 291 1653 τῆς
330 1586 438 1636 ΓΕ
474 1588 568 1636 ἴσα
607 1579 674 1636 τὰ
715 1578 826 1636 ἀπὸ
868 1583 983 1637 τῶν
1024 1586 1154 1652 ΕΗ,
1192 1586 1320 1637 ΗΓ.
1372 1580 1438 1636 τὰ
1481 1580 1592 1654 ἄρα
1632 1579 1740 1638 ἀπὸ
1780 1585 1895 1639 τῶν

195 1675 317 1740 ΕΖ,
358 1676 466 1726 ΖΑ
491 1676 585 1726 ἴσα
626 1669 741 1726 ἐστὶ
781 1679 899 1735 τοῖς
937 1665 1046 1724 ἀπὸ
1086 1671 1201 1725 τῶν
1226 1674 1359 1741 ΕΗ,
1400 1674 1543 1726 ΗΓ·
1584 1662 1666 1726 ὦν
1697 1669 1760 1727 τὸ
1787 1669 1898 1727 ἀπὸ

192 1761 289 1830 τῆς
327 1765 431 1814 ΕΖ
470 1762 546 1835 τῷ
588 1757 697 1815 ἀπὸ
738 1761 837 1829 τῆς
875 1764 998 1813 ΕΗ
1031 1759 1181 1814 ἐστιν
1222 1765 1379 1814 ἴσον·
1437 1765 1529 1830 ἴση
1568 1757 1675 1831 γὰρ
1716 1757 1750 1831 ἡ
1793 1765 1897 1816 ΕΖ

192 1850 258 1920 τῇ
301 1852 442 1903 ΕΗ·
505 1845 707 1903 λοιπὸν
754 1845 866 1917 ἄρα
920 1845 982 1903 τὸ
1031 1844 1140 1902 ἀπὸ
1188 1849 1285 1917 τῆς
1331 1852 1439 1902 ΑΖ
1488 1854 1613 1903 ἴσον
1662 1848 1776 1903 ἐστὶ
1822 1850 1899 1922 τῷ

102 1949 160 1989 20
192 1933 302 1992 ἀπὸ
344 1939 442 2007 τῆς
479 1940 621 1991 ΓΗ·
692 1941 784 2006 ἴση
832 1934 943 2008 ἄρα
989 1933 1024 2006 ἡ
1065 1941 1173 1990 ΑΖ
1219 1938 1285 2008 τῇ
1326 1939 1466 1991 ΓΗ·
1513 1939 1612 1990 καί
1647 1937 1760 1991 ἐστι
1799 1939 1898 2008 τῆς

191 2024 294 2096 μὲν
334 2030 443 2080 ΑΖ
483 2026 650 2095 διπλῆ
691 2021 725 2094 ἡ
767 2029 906 2093 AB,
952 2026 1051 2094 τῆς
1090 2021 1152 2078 δὲ
1192 2027 1306 2078 ΓΗ
1342 2026 1509 2095 διπλῆ
1552 2020 1586 2094 ἡ
1627 2028 1760 2082 ΓΔ·
1801 2031 1894 2096 ἴση

197 2111 307 2186 ἄρα
347 2110 382 2184 ἡ
422 2117 532 2167 ΑΒ
571 2114 638 2184 τῇ
680 2116 798 2167 ΓΔ.

291 2199 386 2257 Ἐν
423 2200 608 2277 κύκλῳ
643 2198 754 2273 ἄρα
786 2204 849 2256 αἱ
877 2208 994 2258 ἴσαι
1026 2198 1246 2258 εὐθεῖαι
1278 2209 1406 2258 ἴσον
1438 2199 1744 2274 ἀπέχουσιν
1779 2199 1891 2259 ἀπὸ

190 2292 294 2346 τοῦ
331 2290 586 2361 κέντρου,
625 2289 719 2344 καὶ
758 2292 822 2345 αἰ
857 2297 984 2346 ἴσον
1024 2289 1331 2363 ἀπέχουσαι
1369 2288 1479 2347 ἀπὸ
1519 2294 1622 2347 τοῦ
1660 2292 1896 2364 κέντρου

102 2392 159 2433 25
194 2385 311 2435 ἴσαι
355 2375 622 2449 ἀλλήλαις
662 2382 835 2435 εἰσίν·
877 2377 1011 2451 ὅπερ
1052 2382 1165 2435 ἔδει
1206 2380 1395 2446 δεῖξαι.

314 2511 1486 2572 3.t‹,5]P,.;Vm120mq31qf›BFp,Vm..2
1587 2513 1956 2588 Antetq‘nin.

192 2571 232 2614 V
265 2572 340 2616 esi:
371 2572 472 2616 ἴσον
505 2547 615 2616 ἐστι’.
764 2573 864 2616 ἴσον
896 2558 1056 2631 ἐστίν]
1076 2585 1166 2616 om.
1200 2571 1256 2628 V,
1290 2567 1415 2617 ἐστιν
1448 2574 1550 2618 ἴσον
1582 2572 1659 2631 Pp
1795 2571 1892 2646 ἄρα
1954 2626 1956 2631 Ι

193 2626 335 2687 καὶὴ
368 2630 419 2675 P.
561 2636 603 2675 4.
637 2630 746 2689 ΕΖ]
780 2633 865 2675 ΖΕ
897 2631 948 2675 Ρ.
1086 2635 1125 2676 5.
1162 2607 1256 2690 αἱ]
1275 2645 1365 2677 om.
1397 2647 1442 2689 p.
1587 2636 1628 2677 8.
1628 2589 1777 2677 Ρᾶλλά
1810 2630 1893 2692 δή]
1943 2639 1956 2686 3.

189 2647 335 2734 πάλιν
362 2689 456 2745 Bp.
602 2694 643 2734 9.
677 2690 784 2749 ΕΖ]
821 2703 936 2735 corr.
969 2703 1024 2734 ex
1061 2693 1141 2735 AZ
1171 2705 1231 2734 m.
1259 2697 1284 2735 2
1316 2691 1368 2737 P.
1515 2696 1584 2737 10.
1619 2687 1747 2736 ἐστίν
1777 2691 1827 2737 Ρ.

192 2754 262 2793 11.
298 2744 472 2821 ὁμοίως
503 2746 564 2804 δή
596 2749 730 2807 BFp.
880 2754 949 2793 13.
986 2745 1110 2808 ἐστί]
1144 2764 1234 2795 οιιι.
1270 2749 1369 2806 BV,
1401 2752 1490 2795 καί
1515 2766 1560 2809 p,
1594 2746 1722 2796 ἐστίν
1753 2751 1803 2796 Ρ.

191 2812 258 2851 14.
292 2803 441 2879 ἀλλᾶ1
465 2823 527 2853 ιιι.
546 2813 572 2852 2
598 2807 654 2854 V.
780 2813 849 2853 15.
884 2804 1011 2853 ἐστίν
1042 2810 1093 2855 Ρ.
1218 2813 1287 2854 17.
1322 2809 1422 2865 wa]
1455 2811 1554 2854 ἴσαι
1586 2826 1638 2866 φ.
1762 2806 1892 2855 ἐστίν

187 2865 236 2910 Ρ.
392 2862 1073 2926 τοάπὸτῆς]ιιις...ιιι2ἶ7
1222 2869 1950 2927 181¹3ZJPFm1EHv

187 2925 281 2984 Bp,
311 2925 347 2971 F
379 2941 439 2971 m.
466 2931 508 2983 2,
541 2926 582 2972 V
614 2941 709 2985 mg.
742 2942 803 2974 m.
829 2932 871 2972 2.
962 2925 1142 2973 Deinde
1173 2926 1222 2972 in
1252 2943 1284 2985 p
1316 2941 1412 2983 seq.
1447 2929 1549 2973 ἴσον
1582 2925 1691 2975 ἐστι’.
1803 2929 1889 2989 τῷ]
