1956 3074
533 92 994 137 ELEMENTORUM
1023 92 1206 133 LIBER
1237 93 1317 133 111.
1681 88 1790 142 225

97 214 365 284 aequales,
448 212 701 264 similiter
739 211 1252 281 demonstrabimus,
1291 211 1456 263 etiam

676 305 711 362 L
736 303 910 352 BAA
938 302 1002 367 -Ι-
1033 302 1199 352 ΔΓΒ

99 391 307 444 duobus
345 388 511 442 rectis
552 389 806 458 aequales
847 407 977 442 esse.

209 478 358 548 Ergo
411 478 471 530 in
532 477 910 546 quadrilateris
971 477 1029 530 in
1084 477 1300 530 circulis
1355 476 1549 546 positis
1605 477 1794 547 anguli

101 567 338 638 oppositi
384 566 595 619 duobus
643 567 804 619 rectis
853 567 1106 635 aequales
1156 569 1301 635 sunt3
1356 565 1502 636 quod
1551 569 1669 619 erat
1706 566 1794 619 de-

99 655 523 710 monstrandum.

848 728 1049 782 XXIII.

210 819 276 872 In
322 818 507 871 eadem
556 820 707 870 recta
754 817 857 870 duo
907 821 1189 888 segmenta
1228 818 1554 873 circulorum
1595 818 1797 872 similia

101 912 156 962 et
193 908 502 978 inaequalia
542 907 599 959 in
639 906 864 959 eandem
905 910 1119 976 partem
1159 908 1405 960 construi
1445 910 1734 978 nequeunt.

210 1016 337 1050 nam
378 997 425 1049 si
462 996 580 1048 fieri
618 997 825 1065 potest,
870 996 928 1047 in
969 995 1155 1048 eadem
1195 999 1341 1049 recta
1381 999 1489 1048 AB
1531 997 1636 1050 duo
1679 1014 1798 1067 seg-

110 1106 178 1152 Α
322 1088 507 1138 menta
546 1084 873 1137 circulorum
913 1083 1112 1136 similia
1144 1087 1198 1136 et
1228 1084 1540 1154 inaequalia
1579 1085 1637 1137 in
1677 1104 1798 1140 ean-

323 1175 445 1227 dem
469 1176 683 1243 partem
723 1174 1108 1226 construantur
1146 1175 1330 1243 ΑΓΒ,
1354 1178 1544 1245 ΑΛΒ,
1584 1178 1639 1227 et
1679 1175 1800 1229 edu-

325 1267 477 1316 catur
516 1264 695 1330 ΑΓΔ,
735 1268 788 1314 et
827 1261 1091 1314 ducantur
1131 1264 1248 1332 ΓΒ,
1289 1266 1416 1316 ΔΒ.

438 1352 549 1403 iam
612 1351 868 1419 quoniam
915 1354 1259 1420 segmentum
1298 1354 1462 1405 ΑΓΒ
1503 1352 1679 1406 simile
1719 1356 1803 1407 est

331 1442 609 1510 segmento
650 1443 703 1491 A
712 1442 846 1505 ΔΒ,
895 1430 1094 1492 similia
1142 1443 1323 1492 autem
1373 1445 1656 1510 segmenta
1703 1443 1802 1495 cir-

331 1529 575 1582 culorum
624 1530 770 1596 sunt,
826 1546 961 1596 quae
1009 1529 1260 1597 aequales
1313 1530 1540 1599 angulos
1581 1530 1804 1598 capiunt

240 1608 290 1655 A
333 1617 458 1684 [def.
481 1618 588 1687 ll],
614 1617 717 1669 erit
739 1621 774 1678 l,
794 1619 956 1669 ΑΓΒ
975 1642 1044 1660 =
1063 1621 1255 1687 ΑΔΒ,
1281 1619 1515 1672 exterior
1532 1618 1800 1688 interiori3

120 1719 173 1768 B
332 1706 474 1776 quod
514 1706 629 1758 fieri
671 1724 782 1758 non
823 1708 1008 1773 potest
1048 1705 1111 1775 [I,
1139 1707 1247 1773 16].

217 1809 366 1880 Ergo
409 1810 467 1862 in
508 1809 694 1861 eadem
734 1810 882 1861 recta
923 1809 1026 1861 duo
1063 1813 1347 1878 segmenta
1379 1810 1701 1863 circulorum
1736 1810 1803 1863 si-

108 1897 259 1951 milia
300 1901 355 1950 et
393 1897 704 1967 inaequalia
742 1897 801 1949 in
836 1897 1060 1950 eandem
1092 1900 1304 1966 partem
1338 1899 1580 1952 construi
1607 1916 1804 1969 neque-

107 1988 230 2055 unt3
272 1986 414 2055 quod
455 1990 572 2039 erat
611 1986 1110 2040 demonstrandum.

857 2149 1059 2203 XXIV.

219 2236 429 2292 Similia
490 2241 770 2307 segmenta
816 2239 1140 2292 circulorum
1186 2239 1244 2292 in
1285 2240 1601 2310 aequalibus
1640 2240 1806 2294 rectis

107 2327 286 2397 posita
323 2328 463 2381 inter
503 2346 559 2381 se
600 2328 847 2398 aequalia
887 2335 1027 2381 sunt.

217 2434 343 2469 nam
398 2417 457 2469 in
513 2417 830 2487 aequalibus
893 2417 1054 2470 rectis
1103 2421 1226 2487 ΑΒ,
1253 2420 1382 2479 ,ΓΔ
1438 2417 1637 2470 similia
1693 2434 1808 2487 seg-

110 2508 292 2557 menta
332 2506 652 2559 circulorum
693 2506 805 2559 sint
843 2509 1028 2575 ΑΕΒ,
1068 2508 1255 2559 ΓΖΔ.
1336 2506 1471 2576 dico,
1512 2525 1628 2560 esse

734 2598 901 2648 ΑΕΒ
929 2621 997 2638 =
1025 2598 1126 2648 ΓΖ
1139 2601 1207 2648 Α.

111 2709 233 2768 ἴσας]
268 2724 362 2767 seq.
396 2711 603 2784 spatium
634 2710 785 2781 3⁰litt.
818 2712 868 2783 F.
1011 2709 1156 2770 ἐστίν]
1192 2726 1280 2756 om.
1314 2711 1366 2756 B.
1491 2712 1661 2770 γωνία]
1695 2728 1757 2784 m:
1782 2718 1809 2757 2

111 2766 167 2812 V.
311 2775 379 2815 17.
404 2782 442 2825 ἠ
478 2766 611 2822 ἐντος
642 2788 696 2829 τῃ
734 2768 869 2822 ἐκτος
899 2787 944 2829 p.
1093 2768 1239 2829 ἐστίν]
1273 2785 1362 2816 om.
1396 2787 1441 2829 p.
1595 2776 1665 2816 24.
1699 2771 1809 2830 γαρ]

113 2841 251 2930 Ξηρῖα
269 2844 343 2930 ἒ]
368 2834 394 2873 2
427 2830 477 2873 F.
602 2830 706 2888 ΓΔ]
742 2835 783 2874 Δ
816 2845 840 2875 e
872 2845 988 2875 corr.
1022 2846 1081 2875 m.
1116 2836 1137 2874 1
1173 2831 1222 2875 F.
1345 2835 1416 2876 25.
1451 2827 1627 2876 κύκλου
1661 2848 1711 2888 φ.

140 2900 239 2931 etv
310 2925 318 2934 .

163 3000 170 3004 ,
202 2968 444 3012 Euclides,
469 2971 552 3006 edd.
580 2972 748 3012 Hciberg
771 2975 808 3004 et
832 2973 981 3012 Menge.
1488 2970 1540 3008 15
