1956 3074
547 125 1007 168 ELEMENTORUM
1037 123 1220 166 LIBER
1249 125 1330 168 111.
1721 121 1827 175 195

134 245 274 298 lares
315 244 582 298 ducantur
604 247 728 314 ΚΓ,
766 245 819 295 A
829 247 903 296 M
918 246 972 296 et
1004 242 1301 296 educantur
1333 243 1402 296 ad
1425 248 1492 311 A,
1534 247 1586 296 Ε
1614 247 1831 314 puncta.

129 333 240 387 iam
279 333 534 403 quoniam
572 333 629 385 in
669 332 869 387 circulo
911 333 1085 384 ΑΒΓ
1115 334 1263 385 recta
1303 331 1485 401 aliqua
1517 337 1570 385 A
1579 335 1632 385 Γ
1665 333 1829 386 aliam

56 435 60 438 ’
129 425 334 475 rectam
387 425 494 475 ΒΘ
543 422 601 475 in
653 422 785 476 duas
839 424 1022 491 partes
1073 421 1326 491 aequales
1376 423 1430 472 et
1478 420 1545 473 ad
1598 421 1829 492 angulos

127 513 304 565 rectos
352 514 514 581 secat,
552 512 611 564 in
650 513 766 564 ΑΓ
799 511 902 563 erit
941 513 1188 563 centrum
1228 509 1415 564 circuli
1459 512 1628 562 ΑΒΓ
1655 511 1831 580 [prop.

128 598 156 651 Ι
195 599 417 666 coroll.].
492 617 680 652 rursus
743 599 1000 668 quoniam
1053 598 1110 651 in
1169 598 1367 652 circulo
1419 598 1606 652 eodem
1663 602 1837 652 ΑΒΓ

127 690 275 741 recta
314 688 578 757 quaedam
617 691 682 740 Ν
683 686 734 748 Ξ
767 687 932 741 aliam
971 689 1175 741 rectam
1214 691 1334 741 ΒΗ
1372 688 1430 740 in
1468 687 1603 742 duas
1643 691 1826 758 partes

128 777 380 847 aequales
421 779 474 829 et
506 777 574 830 ad
614 778 843 848 angulos
883 779 1061 830 rectos
1102 780 1270 846 secat,
1308 777 1367 828 in
1404 780 1470 830 Ν
1480 776 1530 838 Ξ
1568 777 1673 830 erit
1711 794 1831 830 cen-

126 869 272 919 trum
311 866 500 920 circuli
537 868 710 919 ΑΒΓ
745 865 878 932 [id.].
944 866 1037 919 sed
1076 866 1509 919 demonstratum
1550 867 1647 934 est,
1685 865 1830 919 idem

127 955 187 1007 in
225 956 340 1007 ΑΓ
373 953 515 1023 esse',
561 972 661 1007 nec
698 972 930 1023 usquam
971 957 1298 1008 concurrunt
1335 958 1515 1008 rectae
1558 956 1679 1023 ΑΓ,
1718 953 1836 1015 ΝΞ

128 1046 352 1112 excepto
390 1045 593 1113 puncto
623 1045 683 1095 Ο.
733 1045 780 1095 Ο
802 1043 970 1112 igitur
1010 1046 1252 1095 centrum
1293 1045 1378 1096 est
1417 1043 1608 1096 circuli
1647 1045 1827 1096 ΑΒΓ.

129 1132 379 1186 similiter
418 1131 933 1200 demonstrabimUS,
977 1134 1024 1183 Ο
1062 1131 1229 1185 etiam
1269 1132 1457 1184 circuli
1498 1136 1553 1184 A
1564 1134 1668 1184 EZ
1709 1149 1829 1184 cen-

127 1224 273 1273 trum
312 1238 446 1274 esse.
492 1221 675 1291 itaque
716 1220 820 1274 duo
861 1220 1047 1274 circuli
1086 1221 1228 1274 inter
1266 1239 1322 1274 se
1363 1223 1607 1274 secantes
1647 1222 1830 1287 ΑΒΓ,

130 1312 298 1362 ΔΕΖ
337 1309 482 1362 idem
518 1309 725 1362 habent
763 1311 1008 1363 centrum
1051 1312 1119 1379 Ο,
1160 1310 1303 1379 quod
1342 1311 1459 1363 fieri
1496 1328 1609 1363 non
1647 1312 1831 1379 potest

131 1401 306 1467 [prop.
343 1398 436 1464 V].
1429 1482 1431 1485 Ι

241 1486 388 1557 Ergo
430 1486 658 1540 circulus
690 1487 948 1541 circulum
979 1506 1091 1541 non
1124 1490 1274 1541 secat
1303 1489 1360 1540 in
1385 1489 1633 1557 pluribus
1658 1505 1828 1558 punc-

131 1577 204 1628 tis
245 1594 407 1645 quam
448 1576 679 1648 duobus3
719 1577 862 1646 quod
901 1580 1019 1630 erat
1059 1577 1559 1659 demonstrandum.

923 1737 1018 1791 XI.

242 1840 299 1896 Si
330 1842 435 1896 duo
476 1843 667 1896 circuli
698 1843 847 1895 intra
878 1843 1206 1913 contingunt
1233 1843 1379 1896 inter
1420 1862 1494 1912 se,
1533 1847 1587 1897 et
1614 1847 1831 1914 sumpta

127 1934 284 1984 erunt
338 1934 525 1984 centra
571 1949 780 2001 eorum,
835 1935 984 1984 recta
1032 1934 1219 1984 centra
1265 1951 1450 1986 eorum
1489 1934 1827 2002 coniungens

126 2021 390 2090 producta
444 2021 609 2073 etiam
624 2018 665 2091 ¹)
720 2021 778 2073 in
839 2024 1100 2090 punctum
1166 2024 1447 2075 contactus
1503 2024 1826 2076 circulorum

127 2109 296 2163 cadet.

234 2216 360 2251 nam
414 2198 519 2252 duo
577 2198 761 2251 circuli
821 2201 1010 2267 ΑΒΓ,
1072 2199 1255 2251 ΑΔΕ
1307 2200 1452 2253 intra
1505 2201 1826 2270 contingant

124 2287 263 2340 inter
301 2306 357 2340 se
396 2287 453 2339 in
500 2291 553 2339 A
591 2290 815 2356 punct0‚
871 2291 926 2340 et
967 2292 1212 2340 sumatur
1267 2288 1456 2342 circuli
1495 2291 1670 2342 ΑΒΓ
1703 2307 1826 2342 cen-

246 2436 289 2490 1)
319 2433 471 2478 Minus
495 2434 621 2477 recte
645 2432 694 2476 in
716 2431 755 2475 B
780 2434 889 2489 post
914 2429 1231 2491 ἐκβαλλομένη
1256 2434 1627 2492 interpungitur3
1661 2448 1824 2490 quam-

123 2506 264 2548 quam
294 2507 402 2537 usus
434 2491 645 2537 Euclidis
675 2492 835 2550 potius
869 2488 1189 2552 ἐκβαλλομένη
1222 2495 1309 2538 καί
1332 2495 1569 2550 postulat3
1627 2495 1716 2538 καί
1741 2495 1822 2538 de-

124 2550 241 2596 lenit
270 2551 535 2609 Gregorius,

127 2689 194 2727 13.
229 2681 315 2728 δύο
346 2681 510 2739 ἄρα-
531 2689 599 2729 14.
633 2683 684 2729 τὸ
721 2685 781 2744 Ο]
816 2700 905 2730 om.
939 2685 987 2730 P.
1115 2690 1180 2731 14.
1217 2683 1362 2744 ἐστίν]
1397 2700 1486 2731 om.
1521 2702 1565 2744 p.
1692 2692 1759 2732 17.
1786 2680 1818 2743 ἢ

125 2738 234 2801 δύο]
267 2755 355 2787 om.
388 2742 437 2788 P.
560 2744 780 2817 Sequitur
810 2745 906 2789 alia
938 2745 1292 2799 demonstratio,
1324 2760 1367 2789 u.
1402 2746 1649 2803 appendix.
1746 2750 1817 2791 18.

124 2799 216 2860 ια’]
248 2815 336 2846 om.
370 2819 419 2858 φ.
522 2807 591 2849 19.
625 2800 781 2864 ends]
813 2819 905 2862 mg.
941 2820 1000 2848 m.
1030 2810 1052 2848 1
1087 2805 1135 2848 P.
1240 2809 1309 2851 20.
1344 2806 1425 2848 καὶ
1457 2805 1622 2863 ληφθῇ
1658 2800 1817 2849 αὐτῶν

124 2856 181 2903 τὰ
214 2860 402 2919 κέντρα]
436 2876 525 2907 om.
558 2861 610 2908 B.
765 2869 834 2908 21.
876 2864 982 2922 καί]
1018 2878 1108 2910 om.
1142 2863 1196 2909 V.
1350 2869 1420 2910 22.
1455 2864 1689 2923 πεσεῖται]
1722 2864 1815 2911 litt.

123 2933 237 2963 σειτ·
268 2919 318 2964 in
348 2933 436 2966 ras.
467 2937 527 2966 m.
554 2927 579 2966 2
617 2922 668 2968 V.
791 2928 861 2967 24.
894 2919 1212 2968 ἆπτέσθωσαν
1245 2924 1409 2969 Theon
1442 2924 1542 2982 (BF
1560 2923 1673 2981 Vp).

1459 2998 1550 3042 13*
