1956 3074
0 0 24 285 ξ

0 1441 23 3035 i

0 2922 16 2953 :r
90 2888 243 2947 σχῆμα
275 2886 616 2948 εὐθύγραμμον
649 2890 735 2935 FV

885 669 990 732 IV.

717 814 1174 870 Definitiones.

210 919 255 971 1.
293 917 498 988 Figura
536 919 815 973 rectilinea
845 919 904 972 in
935 920 1167 990 figuram
1198 918 1535 972 rectilineam
1568 917 1791 971 inscribi

93 1007 311 1076 dicitur,
364 1027 485 1062 cum
526 1008 727 1078 singuli
767 1009 954 1080 anguli
992 1010 1199 1079 figurae
1238 1007 1533 1076 inscriptae
1575 1006 1793 1078 singula

92 1095 266 1150 latera
305 1097 434 1167 eiUS,
473 1098 531 1151 in
569 1116 733 1168 quam
771 1098 1100 1168 inscribitur,
1139 1098 1388 1167 tangunt.

203 1186 253 1239 2.
294 1183 555 1240 Similiter
593 1187 770 1257 figura
807 1187 1008 1241 circum
1044 1187 1278 1256 figuram
1310 1184 1681 1239 circumscribi
1714 1184 1790 1238 di-

91 1273 253 1344 citur,
300 1293 422 1329 cum
463 1276 680 1347 singula
717 1277 891 1330 latera
930 1276 1366 1344 circumscriptae
1406 1273 1653 1344 singulos
1694 1292 1790 1327 an-

94 1364 258 1433 gulos
297 1364 427 1434 eiuS,
466 1366 668 1419 circum
708 1383 871 1435 quam
910 1363 1383 1433 circumscribitur,
1420 1365 1671 1434 tangunt.

205 1452 254 1505 3.
308 1439 513 1524 Figura
565 1454 848 1507 rectilinea
892 1453 951 1507 in
997 1454 1258 1508 circulum
1303 1450 1526 1506 inscribi
1580 1451 1792 1522 dicitur,

90 1558 215 1594 cum
248 1541 451 1612 singuli
484 1542 671 1612 anguli
701 1528 994 1613 inscriptae
1028 1542 1292 1612 ambitum
1326 1541 1516 1596 circuli
1539 1543 1791 1612 tangunt.
1832 1557 1838 1560 ·

202 1630 253 1683 4.
291 1629 492 1700 Figura
524 1634 707 1685 autem
738 1632 1018 1685 rectilinea
1050 1632 1252 1685 circum
1275 1629 1537 1684 circulum
1565 1630 1790 1684 circum-

91 1718 257 1771 scribi
297 1718 515 1790 dicitur,
567 1739 689 1774 cum
730 1721 945 1792 singula
981 1721 1158 1775 latera
1196 1720 1639 1789 circumscriptae
1680 1738 1791 1774 am-

89 1805 266 1860 bitum
304 1808 491 1861 circuli
533 1809 874 1880 contingunt.

203 1895 253 1950 5.
293 1894 553 1950 Similiter
595 1901 776 1951 autem
816 1899 1045 1952 circulus
1085 1899 1142 1952 in
1180 1899 1411 1968 figuram
1451 1898 1678 1952 inscribi
1711 1897 1789 1951 di-

90 1984 247 2055 citur,
270 2003 398 2039 cum
432 1987 670 2041 ambitus
704 1988 890 2041 circuli
923 1988 1140 2057 singula
1170 1989 1346 2041 latera
1370 1987 1499 2055 eius,
1531 1986 1591 2040 in
1625 2005 1789 2057 quam

89 2074 420 2144 inscribitur,
458 2076 654 2146 tangit.

206 2164 253 2217 6.
294 2162 541 2218 Circulus
582 2167 763 2218 autem
805 2166 1004 2219 circum
1042 2166 1276 2236 figuram
1315 2164 1685 2219 circumscribi
1716 2165 1790 2217 di-

91 2252 254 2322 citur,
293 2270 414 2305 cum
455 2254 693 2307 ambitus
735 2255 922 2308 circuli
962 2256 1208 2326 singulos
1249 2255 1478 2326 angulos
1519 2254 1649 2323 eius,
1689 2254 1789 2307 cir-

94 2358 216 2394 cum
256 2360 419 2412 quam
460 2343 935 2414 circumscribitur,
974 2345 1166 2414 tangit.

209 2546 310 2591 Def.
340 2552 378 2593 1.
411 2546 603 2593 Boetius
634 2564 679 2606 p.
706 2553 894 2606 379,19.
1019 2554 1059 2595 2.
1093 2548 1285 2594 Boetius
1316 2562 1360 2605 p.
1387 2553 1490 2605 379,
1506 2553 1576 2594 22.

90 2725 205 2756 eras.
238 2710 286 2756 F.
429 2716 495 2755 11.
533 2708 920 2771 ἕπιγραφομένου
950 2713 1000 2758 Ρ.
1136 2716 1204 2757 15.
1240 2708 1531 2771 ἐφάπτηται]
1564 2711 1666 2783 133p
1701 2708 1786 2769 ἔφ-

89 2766 288 2815 ἄπτεται
318 2770 376 2825 P,
409 2765 613 2842 ἅπτηται
643 2771 743 2818 FV.
899 2777 967 2818 17.
1001 2771 1075 2830 δέ]
1109 2770 1161 2817 δὲ
1196 2767 1369 2829 ὁμοίως
1398 2787 1443 2829 p.
1590 2767 1681 2830 ὁμο
1685 2771 1785 2830 ίως]

91 2828 194 2884 PB,
229 2843 318 2875 om.
351 2845 405 2888 p;
446 2825 803 2889 εὐθύγραμμον,
835 2845 976 2889 supra
1007 2845 1091 2877 scr.
1124 2827 1297 2889 ὁμοίως
1328 2845 1387 2877 m.
1415 2836 1457 2889 2,
1489 2829 1590 2877 FV.
1712 2835 1785 2876 20.
