1956 3074
104 1028 159 1068 10

102 1471 156 1512 15

99 2003 157 2043 20

99 2445 157 2485 25

197 95 306 148 154
829 99 1165 142 ΣΤοῙΧΕΙῼΝ
1197 95 1261 158 β’.

190 221 296 271 ΕΒ
330 220 425 270 ἴσα
465 214 579 270 ἐστὶ
617 214 683 270 τὰ
724 214 832 272 ἀπὸ
873 218 985 271 τῶν
1009 223 1137 287 ΒΑ,
1178 224 1316 273 ΑΕ·
1358 216 1510 290 ὀρθὴ
1545 217 1652 292 γὰρ
1683 217 1718 288 ἡ
1750 218 1890 292 πρὸς

190 306 267 379 τῷ
309 311 363 358 Α
400 307 607 374 γωνία·
677 303 739 360 τὸ
796 303 906 376 ἄρα
961 302 1070 361 ὑπὸ
1118 309 1231 361 τῶν
1270 310 1397 361 ΓΖ.
1452 313 1561 362 ΖΑ
1605 307 1738 378 μετὰ
1786 310 1890 363 τοῦ

191 389 300 447 ἀπὸ
349 396 445 463 τῆς
483 400 599 450 ΑΕ
633 401 759 450 ἴσον
800 395 914 449 ἐστὶ
952 406 1068 461 τοῖς
1106 394 1214 451 ἀπὸ
1255 399 1373 452 τῶν
1405 402 1533 467 ΒΑ,
1573 403 1698 452 ΑΕ.
1774 419 1888 452 κοι-

190 480 297 536 νὸν
337 479 655 555 ἀφῃρήσθω
694 482 756 538 τὸ
799 480 906 538 ἀπὸ
946 486 1044 553 τῆς
1082 490 1216 539 ΑΕ·
1287 483 1486 539 λοιπὸν
1527 483 1634 555 ἄρα
1673 483 1735 540 τὸ
1775 482 1885 540 ὑπὸ

190 573 303 625 τῶν
343 576 469 642 ΓΖ,
512 577 620 626 ΖΑ
657 570 1053 643 περιεχόμενον
1093 570 1450 643 ὀρθογώνιον
1492 580 1619 627 ἴσον
1658 573 1771 628 ἐστὶ
1810 577 1885 647 τῷ

191 656 299 714 ἀπὸ
349 662 448 730 τῆς
486 665 594 714 ΑΒ
646 658 990 734 τετραγώνῳ.
1066 665 1165 715 καί
1206 663 1320 716 ἐστι
1366 659 1428 716 τὸ
1477 660 1579 732 μὲν
1623 659 1733 718 ὑπὸ
1773 665 1886 718 τῶν

191 752 311 817 ΓΖ,
352 753 460 802 ΖΑ
497 745 560 802 τὸ
603 752 741 802 ΖΚ·
781 754 872 818 ἴση
913 747 1020 818 γὰρ
1061 746 1094 819 ἡ
1135 754 1243 803 ΑΖ
1281 752 1346 822 τῇ
1388 755 1523 804 ΖΗ·
1569 749 1630 805 τὸ
1674 749 1736 805 δὲ
1774 748 1885 806 ἀπὸ

190 839 287 906 τῆς
327 841 435 890 ΑΒ
474 835 537 891 τὸ
579 841 721 890 ΑΔ·
761 835 823 891 τὸ
862 835 973 908 ἄρα
1014 842 1125 892 ΖΚ
1162 845 1287 892 ι”σον
1328 839 1441 893 ἐστὶ
1480 841 1555 914 τῷ
1589 844 1719 893 ΑΔ.
1772 860 1886 894 κοι-

190 922 298 979 νὸν
330 922 650 997 ἀφῃρήσθω
674 924 736 980 τὸ
763 933 816 980 A
826 931 883 980 K
900 942 909 952 ·
949 924 1149 981 λοιπὸν
1174 924 1284 998 ἄρα
1315 926 1379 982 τὸ
1408 933 1507 982 ΖΘ
1530 930 1607 1001 τῷ
1633 933 1738 982 ΘΔ
1762 935 1887 983 ἴσον

193 1014 358 1068 ἐστίν.
382 1017 482 1067 καί
501 1015 614 1068 ἐστι
639 1011 702 1069 τὸ
729 1012 831 1085 μὲν
849 1019 962 1069 ΘΔ
976 1012 1039 1069 τὸ
1059 1011 1166 1070 ὑπὸ
1192 1017 1305 1070 τῶν
1319 1022 1369 1069 Α
1378 1021 1443 1085 Β,
1470 1021 1593 1071 ΒΘ·
1614 1023 1705 1086 ἴση
1724 1013 1882 1087 γὰρὴ

190 1107 300 1156 AB
338 1105 405 1174 τῇ
446 1108 589 1157 ΒΔ·
628 1102 690 1158 τὸ
732 1102 794 1158 δὲ
827 1108 929 1158 ΖΘ
958 1102 1021 1158 τὸ
1062 1101 1170 1158 ἀπὸ
1209 1107 1306 1175 τῆς
1334 1109 1469 1159 ΛΘ·
1519 1102 1582 1160 τὸ
1623 1103 1734 1175 ἄρα
1772 1102 1881 1161 ὑπὸ

187 1193 302 1246 τῶν
343 1196 467 1261 ΑΒ,
506 1197 611 1247 ΒΘ
649 1191 1045 1263 περιεχόμενον
1086 1190 1444 1264 ὀρθογώνιον
1489 1199 1615 1249 ἴσον
1655 1193 1767 1249 ἐστὶ
1807 1196 1883 1269 τῷ

189 1275 299 1334 ἀπὸ
342 1285 450 1334 ΘΑ
487 1279 830 1355 τετραγώνῳ.

294 1364 369 1421 ‘H
416 1365 526 1438 ἄρα
581 1371 819 1423 δοθεῖσα
866 1368 1063 1424 εὐθεῖα
1108 1367 1142 1440 ἡ
1189 1375 1298 1424 ΑΒ
1347 1370 1603 1441 τέτμηται
1642 1368 1779 1425 κατὰ
1820 1369 1882 1426 τὸ

190 1462 237 1511 Θ
276 1453 416 1512 ὥστε
461 1455 524 1512 τὸ
564 1454 675 1513 ὑπὸ
713 1461 828 1513 τῶν
867 1464 1003 1529 ΑΒ,
1052 1464 1156 1514 ΒΘ
1194 1458 1589 1531 περιεχόμενον
1631 1457 1884 1529 ὀρθογώ-

188 1567 317 1601 νιον
365 1552 490 1602 ἴσον
541 1557 723 1602 ποιεῖν
768 1550 844 1622 τῷ
886 1545 996 1603 ἀπὸ
1035 1551 1133 1618 τῆς
1171 1553 1281 1602 ΘΑ
1318 1547 1676 1622 τετραγώνῳ·
1748 1545 1883 1618 ὅπερ

191 1637 303 1689 ἔδει
344 1638 588 1706 ποιῆσαι.

987 1709 1090 1781 ιβ’.

296 1809 398 1867 Ἐν
434 1823 574 1879 τοῖς
613 1812 1092 1885 ἀμβλυγωνίοις
1122 1813 1472 1885 τριγώνοις
1510 1812 1581 1869 τὸ
1615 1810 1738 1868 ἀπὸ
1773 1817 1884 1885 τῆς

190 1899 308 1972 τὴν
362 1899 694 1972 ἀμβλεῖαν
747 1907 1001 1973 γωνίαν
1056 1900 1542 1972 ὑποτεινούσης
1598 1906 1885 1971 πλευρᾶς

189 1989 608 2061 τετράγωνον
654 1990 878 2061 μεῖζόν
927 1992 1062 2046 ἐστι
1113 1994 1241 2046 τῶν
1281 1988 1405 2046 ἀπὸ
1445 1993 1574 2046 τῶν
1611 1990 1729 2062 τὴν
1769 1988 1886 2062 ἀμ-

190 2083 421 2148 βλεῖαν
483 2083 734 2149 γωνίαν
795 2083 1247 2151 περιεχουσῶν
1300 2083 1601 2151 πλευρῶν
1662 2100 1884 2151 τετρα-

190 2165 422 2238 γώνων
475 2171 558 2244 τῷ
614 2170 1057 2243 περιεχομένῳ
1107 2168 1207 2234 δὶς
1261 2165 1387 2223 ὑπό
1442 2189 1506 2223 τε
1554 2171 1707 2239 μιᾶς
1755 2171 1884 2224 τῶν

190 2254 338 2327 περὶ
383 2252 502 2326 τὴν
549 2253 873 2327 ἀμβλεῖαν
919 2261 1195 2327 γωνίαν,
1253 2254 1348 2328 ἐφ’
1400 2253 1479 2327 ἣν
1526 2254 1561 2327 ἡ
1602 2256 1885 2322 κάθετος

191 2348 443 2414 πίπτει,
505 2344 612 2399 καὶ
651 2346 776 2417 ζτῆς
837 2342 1491 2418 ἀπολαμβανομένης-ξ
1530 2342 1721 2411 ἐκτὸς
1758 2342 1882 2400 ὑπὸ

191 2435 304 2502 τῆς
342 2432 630 2487 καθέτου
669 2431 830 2505 πρὸς
868 2436 941 2506 τῇ
983 2432 1264 2507 ἀμβλείᾳ
1302 2437 1526 2507 γωνίᾳ.

288 2519 467 2575 ’Ἑστω
516 2519 914 2592 ἀμβλυγώνιον
966 2526 1244 2593 τρίγωνον
1290 2542 1352 2576 το
1402 2526 1572 2577 ΑΒΓ
1611 2519 1883 2593 ἀμβλεῖαν

314 2719 354 2756 1.
384 2714 467 2769 τῆς
501 2715 587 2756 ΕΒ
619 2712 723 2770 Vp,
755 2711 791 2755 F
823 2728 884 2758 m.
910 2718 935 2757 2
970 2715 1075 2770 (ΕΒ
1107 2727 1222 2757 corr.
1257 2727 1312 2758 ex
1343 2715 1469 2770 ΕΔ).
1610 2709 1735 2758 ἐστίν
1765 2713 1821 2758 V.

193 2777 236 2816 3.
272 2769 394 2816 ἐστίν
423 2772 473 2828 V,
509 2785 660 2829 comp.
693 2787 835 2829 supra
865 2773 917 2817 F.
1040 2777 1080 2816 4.
1115 2773 1194 2828 τῆς
1227 2776 1263 2815 Α
1275 2775 1315 2815 Ε
1346 2770 1640 2828 τετράγωνον
1672 2787 1718 2829 p.
1840 2776 1881 2817 5.

194 2828 512 2933 ὀρθογώνιοιέὶ]
546 2845 634 2875 om.
668 2832 718 2876 P.
842 2829 968 2876 ἐστίν
999 2830 1056 2875 V.
1179 2838 1220 2877 6.
1255 2828 1379 2875 ἔστιν
1411 2831 1466 2875 V.
1591 2836 1629 2875 7.
1663 2832 1766 2890 AZ]
1801 2835 1880 2876 ZA

192 2904 239 2946 p,
271 2893 318 2933 et
349 2889 391 2933 V
424 2903 471 2934 se
537 2903 651 2935 corr.
684 2906 743 2935 m.
770 2896 810 2936 2.
934 2896 974 2935 8.
1010 2886 1134 2934 ἐστίν
1165 2889 1220 2935 V.
1344 2895 1383 2934 9.
1421 2889 1531 2948 ΘΔ]
1566 2891 1659 2934 ΔΘ
1691 2889 1729 2933 Β
1762 2893 1811 2936 et
1842 2891 1884 2936 V
