1956 3074
534 70 997 114 ELEMENTORUM
1027 71 1209 112 LIBER
1241 72 1276 114 Ι.
1689 68 1758 122 19

61 193 326 248 euerimus
369 195 423 244 et
460 193 721 260 punctum
746 194 799 242 A
836 189 895 242 in
921 192 976 241 A
1010 191 1210 257 puncto
1251 189 1610 258 posuerimus,
1648 207 1760 243 rec-

59 287 174 336 tam
230 284 410 333 autem
449 283 558 332 AB
612 279 670 331 in
711 282 767 330 A
779 281 849 343 E,
897 277 1062 330 etiam
1100 279 1147 328 Β
1187 280 1449 346 punctum
1489 277 1546 329 in
1588 282 1641 330 E
1676 297 1760 332 ca-

61 369 175 438 det,
223 369 350 438 quia
387 372 495 421 AB
522 393 592 411 =
620 371 747 420 AE.
824 366 1096 435 adplicata
1132 365 1243 419 iam
1282 369 1390 419 AB
1428 369 1606 418 rectae
1647 370 1764 420 ΛΕ

61 459 224 512 etiam
264 459 380 510 ΛΓ
420 460 569 510 recta
616 474 736 509 cum
778 458 887 507 AZ
937 456 1221 524 congruet,
1274 454 1400 523 quia
1439 459 1473 516 l„
1497 456 1759 507 BAF=

63 551 176 601 EA
186 550 246 600 Z.
315 564 478 616 quare
519 546 682 598 etiam
720 546 983 614 punctum
1022 545 1075 596 Γ
1107 543 1165 595 in
1205 546 1250 594 Z
1287 545 1547 611 punctum
1589 544 1761 615 cadet,

63 637 190 706 quia
236 654 420 688 rursus
468 636 671 687 AF=
699 636 824 686 AZ.
902 650 1091 685 uerum
1140 631 1304 684 etiam
1351 635 1397 684 Β
1439 631 1497 684 in
1539 636 1591 685 E
1627 634 1760 687 ceci-

61 725 236 793 derat3
277 741 440 794 quare
479 722 625 775 basis
666 724 776 774 ΒΓ
807 721 867 774 in
906 720 1081 773 basim
1106 722 1210 773 ΕΖ
1236 720 1406 773 cadet.
1446 739 1595 791 nam,
1637 739 1760 776 cum

61 817 108 866 Β
147 814 205 865 in
245 816 315 881 E,
354 814 407 865 Γ
439 829 567 864 uero
607 811 665 863 in
706 814 751 863 Z
791 809 1055 879 ceciderit,
1096 808 1142 861 si
1180 810 1261 862 ita
1299 809 1448 862 basis
1488 812 1603 863 ΒΓ
1637 829 1759 864 cum

62 906 164 956 EZ
203 919 317 955 non
364 902 649 970 congruet,
701 899 837 951 duae
883 900 1063 951 rectae
1120 897 1357 966 spatium
1409 899 1758 969 comprehen-

60 991 210 1059 dent3
250 989 392 1059 quod
431 989 547 1041 fieri
584 1006 696 1041 non
735 989 917 1057 potest
971 988 1039 1053 [κ.
1080 987 1192 1039 ἔνν.
1233 987 1307 1055 9].
1385 987 1570 1056 itaque
1611 988 1758 1042 basis

61 1082 171 1133 ΒΓ
204 1098 325 1132 cum
364 1081 469 1131 ΕΖ
510 1079 771 1147 congruet
809 1078 864 1128 et
903 1075 1142 1144 aequalis
1184 1076 1233 1128 ei
1273 1076 1374 1128 erit
1416 1078 1484 1143 [κ.
1526 1077 1640 1131 ἔνν.
1687 1078 1758 1144 7].

63 1187 227 1239 quare
268 1168 431 1221 etiam
470 1170 617 1220 totus
652 1164 961 1235 triangulus
987 1166 1160 1218 ΑΒΓ
1178 1183 1299 1218 cum
1329 1167 1449 1219 toto
1475 1165 1757 1236 triangulo

63 1261 231 1310 AEZ
279 1259 541 1327 congruet
589 1257 643 1308 et
693 1254 742 1307 ei
782 1253 1022 1323 aequalis
1063 1253 1187 1323 erit,
1240 1257 1295 1307 et
1333 1254 1527 1323 reliqui
1569 1255 1759 1325 anguli

62 1364 182 1400 cum
222 1346 443 1415 reliquis
483 1345 784 1414 congruent
824 1346 879 1396 et
919 1342 1170 1412 aequales
1210 1342 1278 1395 iis
1318 1346 1493 1412 erunt,
1533 1347 1568 1405 L
1594 1346 1766 1398 ΑΒΓ

63 1461 133 1478 =
160 1437 327 1487 AEZ
369 1436 422 1486 et
461 1439 496 1496 L
522 1435 683 1486 ΑΓΒ
710 1458 779 1476 --
807 1435 991 1485 ΔΖΕ.

137 1567 284 1637 Ergo
334 1566 379 1619 si
427 1566 530 1618 duo
580 1565 841 1634 trianguli
886 1565 990 1617 duo
1029 1566 1202 1618 latera
1240 1565 1450 1619 duobus
1491 1564 1757 1618 lateribus

62 1656 292 1708 alterum
340 1654 497 1707 alteri
538 1653 785 1722 aequalia
833 1653 1038 1706 habent
1084 1655 1139 1705 et
1185 1654 1414 1722 angulos
1467 1653 1631 1706 rectis
1674 1672 1758 1706 ae-

64 1744 311 1814 qualibus
352 1741 767 1811 comprehensos
809 1743 1074 1812 aequaleS,
1113 1741 1278 1794 etiam
1309 1742 1485 1795 basim
1518 1743 1640 1795 basi
1673 1761 1757 1796 ae-

61 1832 274 1903 qualem
300 1831 593 1899 habebunt,
626 1834 680 1882 et
709 1830 1018 1901 triangulus
1050 1830 1324 1900 triangulo
1359 1831 1604 1900 aequalis
1639 1831 1756 1900 erit,

61 1925 116 1974 et
155 1920 349 1989 reliqui
390 1919 576 1989 anguli
615 1920 834 1988 reliquis
860 1920 1132 1988 ¹aequales
1172 1919 1311 1972 alter
1351 1920 1524 1988 alteri,
1573 1920 1614 1973 ii
1656 1921 1756 1973 sci—

59 2012 196 2078 licet,
229 2010 327 2063 sub
360 2009 557 2078 quibus
582 2010 830 2078 aequalia
861 2009 1038 2062 latera
1069 2008 1423 2080 subtendunt3
1468 2009 1613 2078 quod
1641 2013 1757 2063 erat

60 2098 558 2152 demonstrandum.

57 2274 180 2333 ταῖς]
230 2288 319 2320 om.
367 2275 496 2331 Pbp.
660 2275 773 2318 δυσί
806 2272 867 2327 V3
914 2273 964 2317 in
1002 2289 1033 2331 p
1074 2270 1161 2318 δύο
1200 2277 1425 2331 πλευραῖς
1456 2275 1615 2320 deleta
1649 2279 1755 2320 sunt

58 2350 117 2379 m.
148 2340 184 2379 1.
308 2338 378 2379 22.
414 2332 508 2387 ἕξει
542 2335 645 2389 ἴσην
677 2332 774 2377 BF.
907 2337 977 2378 25.
1011 2328 1122 2391 ὑφ’]
1157 2347 1273 2379 corr.
1307 2333 1354 2377 in
1390 2329 1471 2391 ἐφ’
1508 2350 1570 2380 m.
1593 2340 1615 2378 1
1648 2335 1692 2380 b.

59 2390 148 2451 ὑφ’
184 2389 240 2445 ἃς
267 2421 319 2426 -
346 2390 698 2451 ὑποτείνουσιν]
732 2406 824 2450 mg.
858 2408 917 2436 m.
949 2397 971 2436 1
1005 2391 1057 2438 P.
