1956 3074
157 122 264 175 136
790 123 1129 167 ΣΤΟΙΧΕΙῼΝ
1161 119 1223 181 β’.

153 237 216 296 τὸ
257 245 310 295 Γ
343 250 602 311 σημεῖον·
634 241 795 312 λέγω,
836 238 921 296 ὅτι
959 239 1026 296 τὰ
1066 239 1175 296 άπὸ
1216 243 1330 296 τῶν
1368 246 1495 310 ΑΒ,
1527 245 1637 295 ΒΓ
1667 240 1855 313 τετρά-

154 350 309 400 γωνα
349 335 443 384 ἴσα
483 329 599 384 ἐστὶ
645 332 722 405 τῷ
760 349 819 384 τε
859 329 946 395 δὶς
983 327 1093 384 ὑπὸ
1133 332 1247 386 τῶν
1287 335 1421 400 ΑΒ,
1469 332 1578 384 ΒΤ
1610 348 1853 401 περιεχο-

156 416 304 492 μένῳ
347 415 679 492 ὀρθογωνίῳ
719 417 812 473 καὶ
850 421 927 494 τῷ
968 415 1077 474 ἀπὸ
1117 420 1213 489 τῆς
1251 422 1352 473 ΓΑ
1390 417 1731 492 τετραγώνῳ.

264 503 705 578 Ἀναγεγράφθω
760 505 868 579 γὰρ
919 503 1028 561 άπὸ
1085 514 1179 576 τῆς
1229 510 1287 560 Α
1291 511 1338 561 Β
1383 507 1734 577 τετράγωνον
1786 504 1852 562 τὸ

97 607 124 646 5
156 599 418 649 ΑΔΕΒ·
457 594 549 649 καὶ
590 587 1044 666 καταγεγράφθω
1084 592 1146 649 τὸ
1190 593 1385 664 σχῆμα.

263 680 412 737 Ἐπεὶ
453 675 558 737 οὖν
600 689 726 738 ἴσον
767 682 882 738 ἐστὶ
920 680 984 738 τὸ
1017 685 1142 737 ΑΗ
1166 685 1242 757 τῷ
1275 686 1409 751 HE,
1448 681 1644 738 κοινὸν
1684 699 1854 755 προσ·

156 774 366 825 κείσθω
413 768 476 826 τὸ
517 775 641 826 ΓΖ·
707 769 844 827 ὅλον
890 769 1000 844 ἄρα
1046 769 1108 826 τὸ
1151 775 1258 825 ΑΖ
1306 768 1417 845 ὅλῳ
1456 773 1531 846 τῷ
1571 774 1678 825 ΓΕ
1726 777 1854 826 ἴσον

158 860 337 914 ἐστίν·
377 857 444 913 τὰ
486 857 598 929 ἄρα
637 865 763 931 ΑΖ,
804 864 911 916 ΓΕ
948 858 1212 915 διπλάσιά
1255 861 1369 914 ἐστι
1407 861 1511 914 τοῦ
1542 864 1663 916 ΛΖ.
1712 858 1855 915 ἀλλὰ

154 945 222 1003 τὰ
265 952 389 1017 ΑΖ,
430 951 538 1003 ΓΕ
574 945 604 1004 ὁ
646 953 844 1004 ΚΛΜ
875 951 989 1004 ἐστι
1028 947 1270 1019 γνώμων
1308 947 1400 1002 καὶ
1438 946 1501 1003 τὸ
1535 953 1636 1003 ΓΖ
1666 947 1854 1019 τετρά-

68 1049 124 1089 10
156 1054 374 1107 γωνον·
446 1033 476 1092 ὁ
517 1041 716 1092 ΚΛΜ
753 1035 864 1109 ἄρα
909 1035 1151 1108 γνώμων
1196 1036 1289 1091 καὶ
1335 1035 1407 1091 τὸ
1449 1040 1550 1091 ΓΖ
1590 1035 1857 1091 διπλάσιά

157 1125 272 1180 ἐστι
310 1127 412 1180 τοῦ
453 1131 505 1180 Α
517 1131 574 1181 Ζ.
654 1128 767 1181 ἔστι
813 1124 877 1181 δὲ
914 1128 1016 1181 τοῦ
1055 1131 1164 1181 AZ
1204 1124 1500 1181 διπλάσιον
1540 1125 1630 1179 καὶ
1670 1123 1733 1180 τὸ
1769 1124 1860 1190 δὶς
1954 1134 1956 1137 ’

155 1209 266 1269 ὑπὸ
314 1215 427 1269 τών
476 1218 608 1283 ΑΒ,
665 1217 796 1268 ΒΓ·
859 1219 950 1284 ἴση
998 1212 1103 1286 γὰρ
1151 1211 1185 1284 ἡ
1226 1220 1327 1269 ΒΖ
1374 1216 1438 1287 τῇ
1479 1217 1609 1268 ΒΓ·
1674 1210 1703 1268 ὁ
1746 1211 1858 1284 ἄρα

156 1307 356 1357 ΚΛΜ
392 1300 635 1372 γνώμων
682 1301 774 1356 καὶ
820 1301 883 1357 τὸ
924 1306 1024 1356 ΓΖ
1063 1301 1415 1374 τετράγωνον
1456 1308 1582 1356 ἴσον
1623 1301 1738 1356 ἐστὶ
1778 1303 1854 1376 τῷ

158 1390 244 1455 δὶς
281 1387 391 1446 ὑπὸ
431 1393 545 1445 τών
578 1397 704 1461 ΑΒ,
744 1395 861 1445 ΒΓ.
912 1388 1109 1446 κοινὸν
1149 1394 1505 1462 προσκείσθω
1545 1387 1607 1444 τὸ
1643 1395 1781 1458 ΛΗ,
1825 1387 1859 1444 ὅ
1954 1405 1956 1408 ·

71 1491 125 1532 15
160 1479 310 1534 ἐστιν
350 1475 460 1534 άπὸ
501 1481 597 1549 τῆς
630 1483 746 1533 ΑΓ
768 1477 1147 1550 τετράγωνον·
1189 1475 1218 1534 ὃ
1253 1476 1362 1550 ἄρα
1396 1480 1452 1532 Κ
1460 1482 1593 1532 ΛΜ
1614 1476 1859 1549 γνώμων

156 1566 250 1622 καὶ
298 1566 364 1622 τὰ
407 1573 546 1638 ΒΗ,
594 1573 717 1623 ΗΛ
759 1565 1079 1639 τετράγωνα
1120 1566 1213 1622 ἴσα
1254 1567 1369 1623 ἐστὶ
1407 1568 1482 1642 τῷ
1523 1587 1580 1622 τε
1621 1565 1707 1632 δὶς
1746 1564 1854 1622 ὑπὸ

155 1656 271 1711 τῶν
320 1660 458 1726 ΑΒ,
507 1661 617 1711 ΒΓ
657 1658 1030 1732 περιεχομένῳ
1088 1653 1422 1731 ὀρθογωνίῳ
1470 1655 1562 1710 καὶ
1616 1658 1691 1731 τῷ
1747 1653 1858 1711 ἀπὸ

157 1745 254 1814 τῆς
293 1748 410 1798 ΑΓ
450 1743 794 1819 τετραγώνῳ.
872 1741 1011 1799 ἀλλὰ
1063 1740 1092 1799 ὁ
1135 1747 1334 1798 ΚΛΜ
1371 1742 1614 1814 γνώμων
1657 1745 1749 1798 καὶ
1789 1743 1856 1798 τὰ

157 1837 290 1902 ΒΗ,
331 1837 454 1886 ΗΔ
483 1832 804 1904 τετράγωνα
844 1829 979 1887 ὅλον
1020 1832 1133 1887 ἐστὶ
1171 1830 1234 1887 τὸ
1260 1837 1490 1887 ΑΔΕΒ
1517 1832 1611 1886 καὶ
1649 1832 1711 1887 τὸ
1738 1837 1857 1902 ΓΖ,

69 1936 126 1976 20
158 1917 194 1974 ἅ
242 1922 394 1976 ἐστιν
447 1919 555 1977 ἀπὸ
597 1924 710 1977 τῶν
749 1926 883 1990 ΑΒ,
938 1925 1050 1975 ΒΓ
1080 1919 1430 1991 τετράγωνα·
1491 1917 1557 1975 τὰ
1598 1918 1707 1991 ἄρα
1747 1919 1855 1977 ἀπὸ

158 2011 270 2064 τῶν
306 2014 435 2078 ΑΒ,
475 2013 586 2064 ΒΓ
610 2007 927 2079 τετράγωνα
969 2014 1061 2063 ἴσα
1102 2009 1215 2063 ἐστὶ
1254 2011 1328 2085 τῷ
1349 2012 1449 2077 [τε]
1471 2007 1556 2074 δὶς
1594 2006 1704 2065 ὑπὸ
1746 2013 1861 2065 τῶν

158 2102 294 2167 ΑΒ,
348 2102 460 2152 ΒΓ
500 2098 869 2171 περιεχομένῳ
920 2095 1257 2172 ὀρθογωνίῳ
1298 2095 1431 2168 μετὰ
1472 2100 1573 2153 τοῦ
1614 2094 1722 2153 ἀπὸ
1762 2100 1861 2168 τῆς

157 2194 212 2242 Α
221 2191 274 2242 Γ
304 2184 676 2257 τετραγώνου.

267 2273 399 2330 Ἐὰν
456 2272 565 2347 ἄρα
614 2272 810 2330 εὐθεῖα
854 2273 1077 2347 γραμμὴ
1133 2278 1348 2347 τμηθῇ,
1405 2271 1479 2340 ὥς
1538 2278 1746 2347 ἔτυχεν,
1794 2273 1857 2330 τὸ

70 2378 127 2420 25
162 2360 270 2417 ἀπὸ
311 2365 409 2433 τῆς
450 2360 582 2434 ὅλης
620 2363 713 2418 καὶ
752 2361 814 2418 τὸ
850 2360 948 2434 ἀφ’
995 2362 1121 2428 ἑνὸς
1155 2366 1268 2419 τῶν
1300 2362 1599 2434 τμημάτων
1629 2361 1696 2418 τὰ
1728 2379 1859 2419 συν-

159 2449 450 2522 αμφότερα
489 2449 810 2523 τετράγωνα
852 2457 945 2506 ἴσα
985 2451 1099 2507 ἐστὶ
1139 2455 1214 2527 τῷ
1250 2473 1307 2507 τε
1341 2451 1427 2517 δὶς
1457 2449 1567 2507 ὑπὸ
1601 2454 1697 2522 τῆς
1728 2450 1860 2523 ὅλης

157 2539 251 2594 καὶ
298 2542 400 2595 τοῦ
448 2540 747 2610 εἰρημένου
793 2537 1073 2610 τμήματος
1111 2540 1481 2615 περιεχομένῳ
1523 2537 1858 2614 ὀρθογωνίῳ

157 2628 250 2683 καὶ
297 2630 374 2704 τῷ
422 2625 531 2683 άπὸ
579 2630 681 2683 τοῦ
728 2629 930 2683 λοιποῦ
976 2628 1254 2700 τμήματος
1299 2627 1659 2703 τετραγώνῳ·
1723 2625 1861 2700 ὅπερ

161 2719 274 2772 ἔδει
316 2717 506 2783 δεῖξαι.

280 2854 319 2893 2.
355 2846 479 2893 ἐστίν
512 2848 593 2892 PF
611 2849 661 2893 V.
818 2855 858 2894 3.
897 2849 994 2908 ΓΑ]
1028 2853 1120 2894 ΑΓ
1147 2849 1249 2894 BV.
1405 2854 1444 2894 6.
1482 2845 1584 2894 ἐπεὶ
1617 2840 1725 2908 οὖν]
1760 2849 1857 2906 Pp3

162 2902 276 2951 ἐπεί
301 2908 397 2962 BF,
431 2907 474 2951 V
506 2914 630 2963 m.1;
664 2910 751 2952 καί
777 2909 882 2954 add.
918 2909 960 2951 V
991 2924 1051 2953 m.
1072 2914 1111 2955 2.
1259 2914 1299 2954 7.
1335 2906 1429 2954 ἔστι
1414 2925 1459 2953 ιν
1494 2909 1594 2952 ἴσον
1624 2924 1667 2965 p.
1815 2913 1857 2953 8.
