1956 3074
229 149 302 201 34
861 150 1199 194 ΣΤΟῙΧΕῙΩΝ
1229 147 1296 195 α’.

1016 267 1118 338 ιβ’.

251 359 254 363 ’
332 353 467 410 Ἐπὶ
506 356 624 428 τὴν
665 359 988 412 δοθεῖσαν
1029 355 1311 413 εὐθεῖαν
1343 357 1623 431 ἄπειρον
1648 357 1770 414 ἀπὸ
1804 361 1921 414 τοῦ

226 444 543 510 δοθέντος
596 450 897 516 σημείου,
953 442 983 500 ὃ
1032 444 1114 517 μή
1162 447 1342 502 ἐστιν
1392 446 1486 503 ἐπ’
1530 445 1755 518 αὐτῆς,
1810 446 1921 502 κά-

223 541 423 589 θετον
463 531 741 589 εὐθεῖαν
780 532 1088 606 γραμμὴν
1128 531 1419 606 ἀγαγεῖν.

163 632 190 672 5
318 621 499 678 ’Έστω
540 619 574 692 ἡ
616 621 718 693 μὲν
759 625 996 678 δοθεῖσα
1036 621 1234 678 εὐθεῖα
1273 623 1502 696 ἄπειρος
1545 622 1575 694 ἡ
1608 630 1717 679 ΑΒ
1758 623 1820 679 τὸ
1856 623 1919 679 δὲ

221 711 399 767 δοθὲν
439 721 696 782 σημεῖον,
749 708 780 766 ὃ
821 710 896 783 μή
937 714 1089 767 ἐστιν
1129 711 1213 768 ἐπ’
1259 711 1454 784 αὐτῆς,
1504 711 1567 769 τὸ
1610 718 1675 768 Γ·
1717 716 1807 768 δεῖ
1843 711 1915 783 δὴ

219 800 307 855 ἐπὶ
352 798 455 871 τὴν
507 803 779 855 δοθεῖσαν
819 797 1053 856 εὐθεῖαν
1093 799 1325 874 ἄπειρον
1364 800 1468 872 τὴν
1510 807 1620 857 ΑΒ
1660 799 1768 857 ἀπὸ
1810 804 1914 874 τοῦ

218 890 491 953 δοθέντος
515 892 749 959 σημείου
773 891 873 944 τοῦ
891 894 954 959 Γ,
988 885 1018 944 ὃ
1051 888 1125 961 μή
1161 892 1310 945 ε’στιν
1345 888 1427 945 ἐπ’
1447 887 1637 960 αὐτῆς,
1670 890 1918 946 κάθετον

218 974 450 1032 εὐθεῖαν
490 976 752 1048 γραμμὴν
793 975 1044 1048 ἀγαγεῖν.

132 1076 186 1115 10
330 1064 611 1136 Εἰλήφθω
654 1063 762 1137 γὰρ
803 1066 890 1138 ἐπὶ
928 1064 995 1122 τὰ
1036 1067 1194 1139 ἕτερα
1233 1069 1369 1139 μέρη
1410 1070 1505 1139 τῆς
1545 1074 1652 1123 AB
1694 1068 1920 1134 εὐθείας

215 1152 387 1227 τυχὸν
439 1164 672 1226 σημεῖον
718 1154 781 1211 τὸ
830 1163 909 1225 Δ,
963 1155 1056 1210 καὶ
1101 1158 1310 1233 κέντρῳ
1352 1157 1454 1228 μὲν
1494 1159 1568 1232 τῷ
1612 1162 1663 1212 Γ
1695 1156 1917 1228 διαστήὴ

216 1265 345 1315 ματι
393 1242 455 1299 δὲ
500 1246 575 1319 τῷ
616 1231 720 1299 ΓΔ
765 1242 967 1310 κύκλος
1005 1245 1312 1317 γεγράφθω
1356 1243 1384 1301 ὁ
1427 1251 1623 1315 ΕΖΗ,
1688 1246 1780 1300 καὶ
1835 1268 1917 1301 τε-

214 1332 450 1405 τμήσθω
475 1329 510 1403 ἡ
535 1338 660 1388 ΕΗ
690 1330 887 1389 εὐθεῖα
927 1337 1055 1405 δίχα
1093 1332 1231 1389 κατὰ
1264 1333 1327 1390 τὸ
1362 1341 1425 1405 Θ,
1458 1335 1551 1390 καὶ
1585 1333 1917 1405 ἐπεζεύχθω-

214 1437 322 1478 σαν
355 1422 417 1478 αἱ
443 1426 579 1492 ΓΗ,
597 1427 650 1478 Γ
653 1428 717 1492 Θ,
733 1427 842 1478 ΓΕ
870 1420 1112 1478 εὐθεῖαι·
1153 1423 1313 1493 λέγω,
1348 1421 1432 1478 ὅτι
1466 1423 1554 1479 ἐπὶ
1589 1421 1692 1494 τὴν
1727 1425 1915 1477 δοθεῖ-

127 1519 181 1560 15
215 1527 323 1566 σαν
378 1508 612 1566 εὐθεῖαν
675 1509 909 1582 ἄπειρον
970 1508 1074 1581 τὴν
1137 1516 1243 1565 ΑΒ
1305 1509 1414 1566 ἀπὸ
1478 1514 1580 1566 τοῦ
1644 1512 1916 1577 δοθέντος

213 1603 449 1671 σημείου
486 1603 588 1655 τοῦ
628 1604 691 1670 Γ,
732 1596 762 1655 ὃ
803 1598 877 1670 μή
920 1600 1069 1654 ἐστιν
1110 1600 1192 1654 ἐπ’
1235 1595 1432 1670 αὐτῆς,
1476 1597 1714 1664 κάθετος
1754 1592 1914 1670 ἦκται

210 1686 246 1761 ἡ
289 1694 404 1744 ΓΘ.

318 1775 467 1833 Ἐπεὶ
512 1776 620 1849 γὰρ
669 1784 760 1848 ἴση
810 1777 960 1833 ἐστὶν
1007 1775 1041 1849 ἡ
1096 1783 1207 1832 ΗΘ
1253 1780 1319 1851 τῇ
1367 1783 1502 1848 ΘΕ,
1552 1775 1715 1848 κοινὴ
1765 1778 1827 1834 δὲ
1878 1777 1912 1850 ἡ

209 1871 338 1938 ΘΓ,
379 1867 484 1923 δύο
527 1866 595 1938 δὴ
635 1869 697 1922 αἱ
722 1872 856 1935 ΗΘ,
895 1870 1003 1921 ΘΓ
1031 1865 1135 1921 δύο
1168 1877 1288 1931 ταῖς
1320 1872 1442 1936 ΕΘ,
1468 1870 1578 1922 ΘΓ
1610 1873 1726 1921 ἴσαι
1767 1868 1911 1923 εἰσὶν

120 1963 177 2004 20
211 1955 440 2028 ἑκατέρα
480 1956 728 2029 ἑκατέρᾳ·
768 1955 860 2009 καὶ
900 1953 1062 2026 βάσις
1099 1952 1133 2026 ἡ
1166 1959 1285 2010 ΓΗ
1316 1955 1477 2026 βάσει
1515 1959 1580 2028 τῇ
1622 1959 1728 2011 ΓΕ
1762 1958 1911 2012 ἐστιν

211 2051 325 2116 ἴση·
365 2049 543 2116 γωνία
583 2042 694 2117 ἄρα
725 2041 759 2115 ἡ
792 2041 902 2099 ὑπὸ
937 2048 1111 2099 ΓΘΗ
1127 2048 1306 2118 γωνία
1337 2047 1402 2118 τῇ
1429 2042 1538 2100 ὑπὸ
1567 2048 1734 2099 ΕΘΓ
1759 2045 1909 2100 ἐστιν

210 2141 318 2205 ἴση.
380 2138 479 2189 καί
521 2136 665 2189 εἰσιν
713 2134 926 2204 ἐφεξῆς.
1011 2131 1148 2189 ὅταν
1200 2132 1262 2189 δὲ
1302 2131 1499 2189 εὐθεῖα
1539 2131 1624 2189 ἐπ’
1670 2131 1909 2189 εὐθεῖαν

210 2231 480 2279 σταθεῖσα
518 2222 616 2288 τὰς
646 2223 843 2293 ἐφεξῆς
871 2226 1081 2293 γωνίας
1114 2227 1237 2287 ἴσας
1268 2218 1534 2292 ἀλλήλαις
1566 2225 1717 2295 ποιῇ,
1758 2219 1904 2294 ὀρθὴ
1953 2294 1956 2303 ¹

208 2312 439 2384 ἑκατέρα
476 2314 592 2367 τῶν
632 2317 771 2366 ἴσων
813 2314 1037 2381 γωνιῶν
1070 2311 1240 2379 ἐστιν,
1272 2311 1365 2366 καὶ
1396 2308 1430 2382 ἡ
1458 2313 1792 2382 ἐφεστηκυῖα
1825 2308 1907 2366 εὐ-

117 2408 173 2448 25
206 2408 338 2456 θεῖα
376 2399 615 2465 κάθετος
653 2405 897 2455 καλεῖται
938 2397 1028 2470 ἐφ’
1071 2395 1144 2470 ἣν
1186 2399 1500 2470 ἐφέστηκεν.
1954 2463 1956 2465 ,

316 2487 436 2543 Ἐπὶ
483 2486 586 2559 τὴν
627 2491 899 2543 δοθεῖσαν
955 2486 1066 2559 ἄρα
1106 2485 1339 2543 εὐθεῖαν
1379 2485 1615 2559 ἄπειρον
1654 2486 1757 2559 τὴν
1796 2494 1905 2543 ΑΒ
1952 2531 1956 2534 «

206 2577 316 2634 ἀπὸ
357 2580 461 2634 τοῦ
501 2578 772 2643 δοθέντος
811 2581 1045 2648 σημείου
1083 2579 1183 2631 τοῦ
1208 2581 1274 2646 Γ,
1314 2573 1345 2632 ὃ
1386 2575 1461 2647 μή
1503 2578 1653 2632 ἐστιν
1694 2576 1776 2632 ἐπ’
1807 2574 1903 2632 αὐ-

205 2670 320 2738 τῆς,
360 2665 599 2732 κάθετος
637 2659 797 2738 ἦκται
835 2663 869 2736 ἡ
912 2670 1034 2720 ΓΘ·
1077 2663 1212 2736 ὅπερ
1254 2667 1366 2719 ἔδει
1406 2667 1651 2736 ποιῆσαι.

322 2834 364 2876 2.
397 2828 520 2874 Ante
552 2824 650 2873 ἀπό
682 2842 771 2872 ras.
805 2834 830 2873 2
863 2827 956 2872 litt.
988 2827 1037 2871 P.
1162 2833 1202 2873 9.
1235 2823 1479 2885 γραμμήν]
1512 2843 1559 2871 m
1597 2865 1605 2874 .
1638 2843 1698 2872 m.
1723 2827 1901 2873 recenti

201 2887 257 2932 V.
321 2893 452 2945 Qll.
486 2886 591 2945 μέν]
625 2902 766 2945 supra
796 2903 856 2932 m.
885 2893 908 2932 1
940 2886 990 2932 P.
1126 2885 1304 2942 κέντρω
1335 2887 1399 2930 τῶ
1436 2889 1480 2930 Γ
1507 2903 1568 2931 κα
1621 2884 1900 2943 διαστήματι

200 2945 380 3004 BFbp.
506 2952 573 2992 13.
609 2943 803 3006 εὐθεῖα]
837 2947 895 3002 P;
928 2961 1018 2992 om.
1051 2946 1211 2991 Theon
1243 2931 1508 3003 (BFpr).
1635 2951 1702 2991 14.
1740 2947 1847 3004 ΓΕ]
1874 2959 1900 2990 e
