1956 3074
133 995 190 1036 10

134 1526 189 1567 15

132 1970 191 2010 20

223 67 331 120 298
856 68 1196 111 ΣΤΟῙΧΕΙΩΝ
1227 65 1292 112 δ’.

222 192 315 256 ἴση
336 202 348 214 ·
386 184 479 240 καὶ
518 183 553 256 ἡ
586 190 687 241 ΓΑ
717 184 828 258 ἄρα
861 189 927 259 τῇ
953 190 1058 241 ΓΔ
1090 187 1239 241 ἐστιν
1280 191 1402 257 ἴση·
1444 184 1582 243 ὥστε
1621 187 1712 243 καὶ
1743 192 1921 259 γωνία

221 270 256 344 ἡ
296 272 407 329 ὑπὸ
452 279 620 330 ΓΔΑ
658 279 838 348 γωνίᾳ
874 277 941 347 τῇ
980 272 1090 330 ὑπὸ
1132 279 1310 330 ΔΑΓ
1342 276 1494 331 ἐστιν
1534 282 1656 346 ἴση·
1715 278 1778 330 αἱ
1812 275 1920 349 ἄρα

222 359 332 419 ὑπὸ
389 368 580 433 ΓΔΑ,
626 367 806 418 ΔΑΓ
858 365 956 434 τῆς
1019 360 1130 418 ὑπὸ
1188 368 1367 419 ΔΑΓ
1415 367 1522 420 εἰσι
1577 368 1921 431 διπλασίους.

224 457 316 522 ἴση
373 450 436 507 δὲ
490 449 524 522 ἡ
587 449 697 506 ὑπὸ
755 456 917 506 ΒΓΔ
970 461 1091 516 ταῖς
1154 448 1263 507 ὑπὸ
1321 457 1513 522 ΓΔΑ,
1569 458 1769 509 ΔΑΓ·
1830 454 1923 509 καὶ

222 537 258 611 ἡ
311 537 421 596 ὑπὸ
479 544 643 595 ΒΓΔ
696 538 805 612 ἄρα
859 543 956 611 τῆς
1009 538 1119 595 ὑπὸ
1177 545 1342 596 ΓΑΔ
1397 543 1510 597 ἐστι
1565 545 1749 613 διπλῆ.
1828 548 1918 613 ἴση

225 627 287 684 δὲ
325 625 360 699 ἡ
400 625 511 683 ὑπὸ
551 633 716 683 ΒΓΔ
755 628 985 702 ἑκατέρα
1023 632 1138 684 τῶν
1176 626 1286 685 ὑπὸ
1326 635 1520 701 ΒΔΑ,
1561 636 1758 686 ΔΒΑ·
1827 631 1919 686 καὶ

223 716 454 787 ἑκατέρα
508 713 617 788 ἄρα
660 718 775 772 τῶν
820 714 931 772 ὑπὸ
970 723 1170 788 ΒΔΑ,
1227 723 1402 773 ΔΒΑ
1446 722 1543 789 τῆς
1588 717 1698 775 ὑπὸ
1748 725 1919 775 ΔΑΒ

223 805 338 860 ἐστι
379 806 563 874 διπλῆ.

330 891 632 957 Ἰσοσκελὲς
670 888 781 962 ἄρα
815 895 1095 964 τρίγωνον
1127 892 1457 948 συνέσταται
1489 891 1550 949 τὸ
1582 899 1758 948 ΑΒΔ
1789 897 1919 965 ἔχον

223 981 487 1053 ἑκατέραν
536 982 651 1035 τῶν
687 978 829 1053 πρὸς
865 982 932 1054 τῇ
973 986 1084 1036 ΔΒ
1124 979 1284 1051 βάσει
1322 984 1547 1052 γωνιῶν
1587 984 1920 1038 διπλασίονα

221 1074 319 1141 τῆς
357 1071 574 1141 λοιπῆς·
616 1067 751 1142 ὅπερ
792 1072 904 1125 ἔδει
943 1071 1189 1141 ποιῆσαι.

1025 1253 1091 1286 ια
1117 1275 1128 1286 .

334 1338 451 1400 Εἰς
496 1333 612 1391 τὸν
671 1335 961 1391 δοθέντα
1014 1333 1262 1390 κύκλον
1308 1334 1733 1405 πεντάγωνον
1782 1334 1919 1391 ἰσό-

221 1423 513 1497 πλευρόν
551 1444 618 1479 τε
656 1423 764 1479 καὶ
805 1422 1170 1495 ἰσογώνιον
1211 1424 1552 1497 ἐγγράψαι.

317 1511 498 1568 ’Ἑστω
537 1511 567 1569 ὁ
604 1512 797 1579 δοθεὶς
827 1511 1030 1578 κύκλος
1063 1510 1092 1569 ὁ
1126 1518 1445 1568 ΑΒΓΔΕ·
1487 1516 1576 1568 δεῖ
1605 1511 1674 1584 δὴ
1708 1515 1786 1579 εἰς
1816 1511 1919 1568 τὸν

220 1606 505 1657 ΑΒΓΔΕ
550 1600 759 1657 κύκλον
798 1600 1160 1672 πεντάγωνον
1201 1600 1539 1674 ἰσόπλευρόν
1577 1623 1635 1656 τε
1673 1601 1764 1656 καὶ
1806 1605 1920 1657 ἰσο-

219 1689 433 1761 γώνιον
473 1689 764 1763 ἐγγράψαι.

327 1776 631 1835 Ἐκκείσθω
670 1784 948 1852 τρίγωνον
981 1779 1261 1844 ἰσοσκελὲς
1290 1776 1352 1834 τὸ
1386 1783 1555 1834 ΖΗΘ
1586 1781 1919 1834 διπλασίονα

221 1871 351 1939 ἔχον
391 1868 657 1940 ἑκατέραν
695 1871 809 1923 τῶν
848 1866 987 1940 πρὸς
1024 1879 1141 1933 τοῖς
1185 1873 1256 1937 Η,
1296 1872 1344 1922 Θ
1380 1868 1604 1937 γωνιῶν
1642 1869 1739 1938 τῆς
1777 1865 1918 1938 πρὸς

223 1959 299 2031 τῷ
341 1962 411 2027 Ζ,
459 1955 552 2011 καὶ
594 1954 966 2027 ἐγγεγράφθω
1014 1958 1093 2020 εἰς
1130 1953 1231 2010 τὸν
1270 1960 1377 2009 ΑΒ
1390 1959 1557 2010 ΓΔΕ
1575 1953 1800 2021 ,κύκλον
1839 1957 1916 2031 τῷ

222 2049 393 2105 ΖΗΘ
450 2043 703 2118 τριγώνῳ
754 2043 1059 2114 ἰσογώνιον
1105 2047 1382 2115 τρίγωνον
1429 2041 1491 2099 τὸ
1533 2047 1724 2113 ΑΓΔ,
1779 2041 1919 2099 ὥστε

220 2136 286 2208 τῇ
334 2133 435 2205 μὲν
481 2130 620 2205 πρὸς
670 2135 744 2208 τῷ
787 2138 832 2187 Ζ
871 2136 1051 2206 γωνίᾳ
1090 2139 1220 2203 ἴσην
1261 2128 1406 2187 εἶναι
1443 2128 1547 2203 τὴν
1585 2129 1695 2187 ὑπὸ
1735 2136 1917 2202 ΓΑΔ,

222 2222 488 2294 ἑκατέραν
537 2219 599 2276 δὲ
643 2223 758 2277 τῶν
804 2219 944 2293 πρὸς
989 2231 1106 2286 τοῖς
1144 2226 1227 2290 Η,
1284 2226 1332 2275 Θ
1371 2227 1499 2291 ἴσην
1539 2219 1769 2296 ἑκατέρᾳ
1806 2222 1919 2277 τῶν

339 2369 416 2413 ΧΙ.
449 2367 642 2414 Boetius
671 2383 717 2426 p.
743 2371 846 2425 389,
866 2373 934 2414 10.

343 2508 381 2548 1.
418 2502 517 2561 ΓΑ]
550 2502 649 2557 Ρφ,
681 2500 724 2546 V
755 2502 804 2546 in
834 2515 923 2546 ras.
956 2516 1016 2546 m.
1043 2506 1093 2554 23
1130 2503 1218 2545 ΑΓ
1243 2500 1335 2558 Bp.
1458 2505 1499 2544 2.
1533 2501 1703 2561 γωνίᾳ]
1738 2513 1827 2544 om.
1861 2499 1916 2546 V.

221 2567 263 2607 3.
291 2565 376 2606 ΔΑ
390 2561 456 2620 Γ]
490 2561 610 2618 (alt.)
643 2562 695 2617 P,
726 2561 762 2605 F
796 2563 955 2618 (supra
977 2574 1038 2605 m.
1058 2565 1106 2604 2:
1143 2562 1311 2615 ΓΔΑ),
1342 2558 1385 2602 V
1417 2559 1465 2603 in
1495 2573 1584 2604 ras.
1616 2573 1677 2606 m.
1703 2564 1751 2614 23
1788 2562 1916 2604 ΓΑΔ

219 2622 311 2679 ΒΡ.
429 2617 668 2665 διπλάσιοι
699 2620 749 2666 F.
871 2624 912 2665 4.
945 2619 1022 2678 δέ]
1057 2617 1110 2664 δὲ
1144 2620 1230 2664 καί
1255 2619 1312 2664 V.
1434 2615 1486 2677 ὴ]
1520 2632 1660 2676 supra.
1690 2633 1751 2663 m.
1778 2623 1803 2663 2
1835 2617 1884 2663 P.

223 2680 374 2738 ΓΔΑ]
407 2679 514 2736 Ρφ;
561 2680 610 2723 in
639 2693 729 2724 ras.
762 2694 823 2723 m.
849 2683 875 2723 2
909 2678 970 2732 V;
1021 2681 1151 2722 ΓΑΔ
1181 2677 1273 2736 ΒΡ.
1397 2678 1562 2736 ΔΑΓ]
1600 2681 1729 2722 ΓΔΑ
1761 2676 1855 2735 Bp.

219 2739 330 2798 καί]
365 2739 505 2796 διπλῆ
537 2735 630 2794 ἄρα
662 2737 756 2795 ΒΡ.
844 2784 847 2788 ,
907 2742 948 2782 5.
982 2733 1098 2795 ἄρα]
1133 2752 1223 2782 om.
1254 2738 1346 2793 Bp.
1472 2736 1621 2795 ΓΑΔ]
1654 2737 1705 2781 in
1734 2751 1822 2782 rae.
1857 2735 1914 2792 V,

223 2802 267 2842 Γ
293 2812 319 2843 e
352 2811 467 2843 corr.
499 2797 549 2842 F.
683 2794 810 2842 ἐστιν
841 2796 940 2853 ΡΒ,
973 2810 1123 2854 comp.
1157 2813 1201 2854 Ρ.
1339 2795 1501 2854 διπλῆ]
1536 2810 1625 2841 om.
1657 2796 1748 2853 Bp.
1873 2801 1914 2841 6.

219 2857 328 2915 καί]
364 2871 453 2902 om.
488 2856 538 2903 P.
663 2862 702 2902 7.
737 2856 892 2914 ΔΑΒ]
927 2859 1062 2900 ΒΑΔ
1091 2856 1140 2902 Ρ.
1234 2861 1274 2900 9.
1310 2855 1581 2900 συνίσταται
1612 2855 1667 2900 V.
1761 2854 1908 2912 ΑΒΔ]
