<?xml version="1.0" encoding="UTF-8"?>
<!DOCTYPE html PUBLIC "-//W3C//DTD XHTML 1.0 Transitional//EN"
    "http://www.w3.org/TR/xhtml1/DTD/xhtml1-transitional.dtd">
<html xmlns="http://www.w3.org/1999/xhtml" xml:lang="en" lang="en">
 <head>
  <title>
</title>
<meta http-equiv="Content-Type" content="text/html;charset=utf-8" />
  <meta name='ocr-system' content='tesseract 3.04.00' />
  <meta name='ocr-capabilities' content='ocr_page ocr_carea ocr_par ocr_line ocrx_word'/>
</head>
<body>
  <div class='ocr_page' id='page_1' title='image "./euclidisoperaomn01eucluoft_0260.png"; bbox 0 0 1956 3074; ppageno 0'>
   <div class='ocr_carea' id='block_1_1' title="bbox 99 63 1268 135">
    <p class='ocr_par' dir='ltr' id='par_1_1' title="bbox 99 63 1268 135">
     <span class='ocr_line' id='line_1_1' title="bbox 99 63 1268 135; baseline -0.006 -6"><span class='ocrx_word' id='word_1_1' title='bbox 99 63 102 65; x_wconf 48' lang='grc'>“</span> <span class='ocrx_word' id='word_1_2' title='bbox 195 75 304 129; x_wconf 81' lang='grc'><strong><em>246</em></strong></span> <span class='ocrx_word' id='word_1_3' title='bbox 772 102 774 104; x_wconf 95' lang='grc'>-</span> <span class='ocrx_word' id='word_1_4' title='bbox 839 78 1176 122; x_wconf 60' lang='lat' dir='ltr'><strong><em>mmmmm·</em></strong></span> <span class='ocrx_word' id='word_1_5' title='bbox 1206 75 1268 135; x_wconf 75' lang='grc' dir='ltr'><strong><em>γ’.</em></strong></span> 
     </span>
    </p>
   </div>
   <div class='ocr_carea' id='block_1_2' title="bbox 138 192 1892 813">
    <p class='ocr_par' dir='ltr' id='par_1_2' title="bbox 138 192 1892 813">
     <span class='ocr_line' id='line_1_2' title="bbox 196 192 1892 270; baseline 0.003 -21"><span class='ocrx_word' id='word_1_6' title='bbox 196 192 230 266; x_wconf 78' lang='grc' dir='ltr'>ἡ</span> <span class='ocrx_word' id='word_1_7' title='bbox 271 193 334 250; x_wconf 76' lang='grc' dir='ltr'><strong><em>δὲ</em></strong></span> <span class='ocrx_word' id='word_1_8' title='bbox 372 197 473 250; x_wconf 85' lang='grc' dir='ltr'><strong><em>τοῦ</em></strong></span> <span class='ocrx_word' id='word_1_9' title='bbox 514 192 807 262; x_wconf 80' lang='grc' dir='ltr'><strong><em>ἐλάττονος</em></strong></span> <span class='ocrx_word' id='word_1_10' title='bbox 837 194 1118 267; x_wconf 80' lang='grc' dir='ltr'><strong><em>τμήματος</em></strong></span> <span class='ocrx_word' id='word_1_11' title='bbox 1152 199 1373 267; x_wconf 93' lang='grc' dir='ltr'><em>[γωνία]</em></span> <span class='ocrx_word' id='word_1_12' title='bbox 1410 195 1651 253; x_wconf 77' lang='grc' dir='ltr'><strong><em>ἐλάττων</em></strong></span> <span class='ocrx_word' id='word_1_13' title='bbox 1691 195 1892 270; x_wconf 74' lang='grc' dir='ltr'><strong><em>ὀρθῆς·</em></strong></span> 
     </span>
     <span class='ocr_line' id='line_1_3' title="bbox 197 281 716 355; baseline 0.004 -17"><span class='ocrx_word' id='word_1_14' title='bbox 197 281 332 355; x_wconf 78' lang='grc' dir='ltr'><strong><em>ὅπερ</em></strong></span> <span class='ocrx_word' id='word_1_15' title='bbox 374 285 486 338; x_wconf 82' lang='grc' dir='ltr'><em>ἔδει</em></span> <span class='ocrx_word' id='word_1_16' title='bbox 527 284 716 351; x_wconf 80' lang='grc' dir='ltr'><em>δεῖξαι.</em></span> 
     </span>
     <span class='ocr_line' id='line_1_4' title="bbox 862 372 1210 444; baseline 0 -16"><span class='ocrx_word' id='word_1_17' title='bbox 862 372 1210 444; x_wconf 78' lang='grc' dir='ltr'><strong>[Πόρισμα.</strong></span> 
     </span>
     <span class='ocr_line' id='line_1_5' title="bbox 301 473 1891 550; baseline 0.003 -21"><span class='ocrx_word' id='word_1_18' title='bbox 301 473 393 530; x_wconf 89' lang='grc' dir='ltr'><strong><em>Ἐκ</em></strong></span> <span class='ocrx_word' id='word_1_19' title='bbox 433 475 503 546; x_wconf 79' lang='grc' dir='ltr'><strong><em>δὴ</em></strong></span> <span class='ocrx_word' id='word_1_20' title='bbox 543 474 749 530; x_wconf 88' lang='grc' dir='ltr'><strong><em>τούτου</em></strong></span> <span class='ocrx_word' id='word_1_21' title='bbox 788 475 1059 548; x_wconf 79' lang='grc' dir='ltr'><strong><em>φανερόν,</em></strong></span> <span class='ocrx_word' id='word_1_22' title='bbox 1101 474 1187 532; x_wconf 83' lang='grc' dir='ltr'><strong><em>ὅτι</em></strong></span> <span class='ocrx_word' id='word_1_23' title='bbox 1220 475 1319 533; x_wconf 81' lang='grc' dir='ltr'><em>ἐὰν</em></span> <span class='ocrx_word' id='word_1_24' title='bbox 1340 475 1419 548; x_wconf 84' lang='grc' dir='ltr'><strong><em>[ἡ]</em></strong></span> <span class='ocrx_word' id='word_1_25' title='bbox 1441 481 1539 549; x_wconf 85' lang='grc' dir='ltr'><strong><em>μία</em></strong></span> <span class='ocrx_word' id='word_1_26' title='bbox 1570 482 1747 549; x_wconf 97' lang='grc' dir='ltr'><em>γωνία</em></span> <span class='ocrx_word' id='word_1_27' title='bbox 1778 499 1891 550; x_wconf 79' lang='grc' dir='ltr'><strong><em>τρι-</em></strong></span> 
     </span>
     <span class='ocr_line' id='line_1_6' title="bbox 138 558 1892 638; baseline 0.005 -24"><span class='ocrx_word' id='word_1_28' title='bbox 138 574 165 614; x_wconf 84' lang='grc'>5</span> <span class='ocrx_word' id='word_1_29' title='bbox 197 563 387 635; x_wconf 74' lang='grc' dir='ltr'><strong><em>γῶνου</em></strong></span> <span class='ocrx_word' id='word_1_30' title='bbox 432 574 553 629; x_wconf 78' lang='grc' dir='ltr'><strong><em>ταῖς</em></strong></span> <span class='ocrx_word' id='word_1_31' title='bbox 601 564 766 619; x_wconf 84' lang='grc' dir='ltr'><strong><em>δυσὶν</em></strong></span> <span class='ocrx_word' id='word_1_32' title='bbox 814 570 906 635; x_wconf 77' lang='grc' dir='ltr'><strong><em>ἴση</em></strong></span> <span class='ocrx_word' id='word_1_33' title='bbox 957 558 1019 637; x_wconf 82' lang='grc' dir='ltr'><strong><em>ᾗ,</em></strong></span> <span class='ocrx_word' id='word_1_34' title='bbox 1076 562 1224 636; x_wconf 75' lang='grc' dir='ltr'><strong><em>ὀρθή</em></strong></span> <span class='ocrx_word' id='word_1_35' title='bbox 1280 568 1431 622; x_wconf 85' lang='grc' dir='ltr'><strong><em>ἐστιν</em></strong></span> <span class='ocrx_word' id='word_1_36' title='bbox 1480 564 1514 638; x_wconf 83' lang='grc' dir='ltr'><em>ἡ</em></span> <span class='ocrx_word' id='word_1_37' title='bbox 1566 570 1744 638; x_wconf 90' lang='grc' dir='ltr'><em>γωνία</em></span> <span class='ocrx_word' id='word_1_38' title='bbox 1799 565 1892 622; x_wconf 80' lang='grc' dir='ltr'><strong><em>διὰ</em></strong></span> 
     </span>
     <span class='ocr_line' id='line_1_7' title="bbox 193 650 1891 726; baseline 0.002 -19"><span class='ocrx_word' id='word_1_39' title='bbox 193 653 256 708; x_wconf 90' lang='grc' dir='ltr'><strong><em>τὸ</em></strong></span> <span class='ocrx_word' id='word_1_40' title='bbox 298 652 391 707; x_wconf 90' lang='grc' dir='ltr'><strong><em>καὶ</em></strong></span> <span class='ocrx_word' id='word_1_41' title='bbox 430 650 533 722; x_wconf 87' lang='grc' dir='ltr'><strong><em>τὴν</em></strong></span> <span class='ocrx_word' id='word_1_42' title='bbox 574 653 788 723; x_wconf 81' lang='grc' dir='ltr'><strong><em>ἐκείνης</em></strong></span> <span class='ocrx_word' id='word_1_43' title='bbox 826 651 979 718; x_wconf 82' lang='grc' dir='ltr'><strong><em>ἐκτὸς</em></strong></span> <span class='ocrx_word' id='word_1_44' title='bbox 1009 664 1130 719; x_wconf 83' lang='grc' dir='ltr'><strong><em>ταῖς</em></strong></span> <span class='ocrx_word' id='word_1_45' title='bbox 1171 651 1364 720; x_wconf 81' lang='grc' dir='ltr'><strong><em>αὐταῖς</em></strong></span> <span class='ocrx_word' id='word_1_46' title='bbox 1405 661 1535 726; x_wconf 81' lang='grc' dir='ltr'><strong><em>ἴσην</em></strong></span> <span class='ocrx_word' id='word_1_47' title='bbox 1575 653 1750 711; x_wconf 80' lang='grc' dir='ltr'><em>εἶναι·</em></span> <span class='ocrx_word' id='word_1_48' title='bbox 1792 654 1891 711; x_wconf 82' lang='grc' dir='ltr'><em>ἐὰν</em></span> 
     </span>
     <span class='ocr_line' id='line_1_8' title="bbox 196 734 1383 813; baseline 0.005 -19"><span class='ocrx_word' id='word_1_49' title='bbox 196 739 259 794; x_wconf 73' lang='grc' dir='ltr'><strong><em>δὲ</em></strong></span> <span class='ocrx_word' id='word_1_50' title='bbox 298 742 362 794; x_wconf 80' lang='grc' dir='ltr'><strong><em>αί</em></strong></span> <span class='ocrx_word' id='word_1_51' title='bbox 396 741 592 811; x_wconf 81' lang='grc' dir='ltr'><strong><em>ἐφεξῆς</em></strong></span> <span class='ocrx_word' id='word_1_52' title='bbox 632 747 747 797; x_wconf 77' lang='grc' dir='ltr'><strong><em>ἴσαι</em></strong></span> <span class='ocrx_word' id='word_1_53' title='bbox 788 734 948 811; x_wconf 71' lang='grc' dir='ltr'><strong><em>αἷσιν,</em></strong></span> <span class='ocrx_word' id='word_1_54' title='bbox 989 739 1167 813; x_wconf 79' lang='grc' dir='ltr'><em>ὀρθαί</em></span> <span class='ocrx_word' id='word_1_55' title='bbox 1201 746 1383 812; x_wconf 69' lang='grc' dir='ltr'><strong><em>εἰσιν]</em></strong></span> 
     </span>
    </p>
   </div>
   <div class='ocr_carea' id='block_1_3' title="bbox 101 889 1890 2307">
    <p class='ocr_par' dir='ltr' id='par_1_3' title="bbox 101 889 1890 2307">
     <span class='ocr_line' id='line_1_9' title="bbox 983 889 1098 960; baseline 0.009 -15"><span class='ocrx_word' id='word_1_56' title='bbox 983 889 1098 960; x_wconf 83' lang='grc' dir='ltr'><strong><em>λβ’.</em></strong></span> 
     </span>
     <span class='ocr_line' id='line_1_10' title="bbox 299 987 1890 1065; baseline 0.003 -19"><span class='ocrx_word' id='word_1_57' title='bbox 299 987 446 1046; x_wconf 83' lang='grc' dir='ltr'><em>Ἐὰν</em></span> <span class='ocrx_word' id='word_1_58' title='bbox 491 990 739 1048; x_wconf 82' lang='grc' dir='ltr'><strong><em>κύκλου</em></strong></span> <span class='ocrx_word' id='word_1_59' title='bbox 786 991 1158 1064; x_wconf 79' lang='grc' dir='ltr'><strong><em>ἐφάπτηταί</em></strong></span> <span class='ocrx_word' id='word_1_60' title='bbox 1202 1015 1299 1060; x_wconf 91' lang='grc' dir='ltr'><strong><em>τις</em></strong></span> <span class='ocrx_word' id='word_1_61' title='bbox 1339 992 1596 1065; x_wconf 81' lang='grc' dir='ltr'><strong><em>εὐθεῖα,</em></strong></span> <span class='ocrx_word' id='word_1_62' title='bbox 1652 993 1776 1051; x_wconf 75' lang='grc' dir='ltr'><strong><em>ἀπὸ</em></strong></span> <span class='ocrx_word' id='word_1_63' title='bbox 1821 995 1890 1051; x_wconf 74' lang='grc' dir='ltr'><strong><em>δὲ</em></strong></span> 
     </span>
     <span class='ocr_line' id='line_1_11' title="bbox 105 1077 1889 1156; baseline 0.004 -23"><span class='ocrx_word' id='word_1_64' title='bbox 105 1089 161 1130; x_wconf 85' lang='grc'><strong><em>10</em></strong></span> <span class='ocrx_word' id='word_1_65' title='bbox 193 1081 305 1150; x_wconf 82' lang='grc' dir='ltr'><strong><em>τῆς</em></strong></span> <span class='ocrx_word' id='word_1_66' title='bbox 358 1077 531 1152; x_wconf 80' lang='grc' dir='ltr'><strong><em>ἁφῆς</em></strong></span> <span class='ocrx_word' id='word_1_67' title='bbox 586 1084 678 1148; x_wconf 84' lang='grc' dir='ltr'><strong><em>εἰς</em></strong></span> <span class='ocrx_word' id='word_1_68' title='bbox 730 1079 844 1138; x_wconf 89' lang='grc' dir='ltr'><strong><em>τὸν</em></strong></span> <span class='ocrx_word' id='word_1_69' title='bbox 898 1080 1145 1138; x_wconf 64' lang='grc' dir='ltr'><strong><em>κύκλον</em></strong></span> <span class='ocrx_word' id='word_1_70' title='bbox 1202 1085 1445 1156; x_wconf 81' lang='grc' dir='ltr'><em>διαχθῇ</em></span> <span class='ocrx_word' id='word_1_71' title='bbox 1509 1104 1607 1150; x_wconf 90' lang='grc' dir='ltr'><strong><em>τις</em></strong></span> <span class='ocrx_word' id='word_1_72' title='bbox 1652 1081 1889 1140; x_wconf 82' lang='grc' dir='ltr'><em>εὐθεῖα</em></span> 
     </span>
     <span class='ocr_line' id='line_1_12' title="bbox 191 1167 1886 1245; baseline 0.003 -22"><span class='ocrx_word' id='word_1_73' title='bbox 191 1168 526 1239; x_wconf 84' lang='grc' dir='ltr'><strong><em>τέμνουσα</em></strong></span> <span class='ocrx_word' id='word_1_74' title='bbox 564 1168 679 1225; x_wconf 90' lang='grc' dir='ltr'><strong><em>τὸν</em></strong></span> <span class='ocrx_word' id='word_1_75' title='bbox 718 1169 995 1240; x_wconf 83' lang='grc' dir='ltr'><strong><em>κύκλον,</em></strong></span> <span class='ocrx_word' id='word_1_76' title='bbox 1037 1167 1110 1236; x_wconf 77' lang='grc' dir='ltr'><strong><em>ἃς</em></strong></span> <span class='ocrx_word' id='word_1_77' title='bbox 1148 1183 1329 1227; x_wconf 79' lang='grc' dir='ltr'><strong><em>ποιεῖ</em></strong></span> <span class='ocrx_word' id='word_1_78' title='bbox 1356 1177 1604 1244; x_wconf 89' lang='grc' dir='ltr'><em>γωνίας</em></span> <span class='ocrx_word' id='word_1_79' title='bbox 1635 1170 1791 1243; x_wconf 84' lang='grc' dir='ltr'><strong><em>πρὸς</em></strong></span> <span class='ocrx_word' id='word_1_80' title='bbox 1813 1175 1886 1245; x_wconf 81' lang='grc' dir='ltr'><strong><em>τῇ</em></strong></span> 
     </span>
     <span class='ocr_line' id='line_1_13' title="bbox 193 1257 1886 1331; baseline 0.002 -20"><span class='ocrx_word' id='word_1_81' title='bbox 193 1257 642 1331; x_wconf 78' lang='grc' dir='ltr'><strong><em>ἐφαπτομένῃ,</em></strong></span> <span class='ocrx_word' id='word_1_82' title='bbox 684 1265 820 1314; x_wconf 76' lang='grc' dir='ltr'><strong><em>ἴσαι</em></strong></span> <span class='ocrx_word' id='word_1_83' title='bbox 862 1263 1131 1314; x_wconf 80' lang='grc' dir='ltr'><strong><em>ἔσονται</em></strong></span> <span class='ocrx_word' id='word_1_84' title='bbox 1162 1270 1303 1325; x_wconf 83' lang='grc' dir='ltr'><strong><em>ταῖς</em></strong></span> <span class='ocrx_word' id='word_1_85' title='bbox 1336 1262 1405 1316; x_wconf 81' lang='grc' dir='ltr'><em>ἐν</em></span> <span class='ocrx_word' id='word_1_86' title='bbox 1434 1272 1575 1327; x_wconf 81' lang='grc' dir='ltr'><strong><em>τοῖς</em></strong></span> <span class='ocrx_word' id='word_1_87' title='bbox 1607 1260 1886 1327; x_wconf 82' lang='grc' dir='ltr'><strong><em>ἐναλλὰξ</em></strong></span> 
     </span>
     <span class='ocr_line' id='line_1_14' title="bbox 190 1343 1257 1419; baseline 0.005 -21"><span class='ocrx_word' id='word_1_88' title='bbox 190 1347 309 1399; x_wconf 85' lang='grc' dir='ltr'><strong><em>τοῦ</em></strong></span> <span class='ocrx_word' id='word_1_89' title='bbox 348 1343 601 1402; x_wconf 83' lang='grc' dir='ltr'><strong><em>κύκλου</em></strong></span> <span class='ocrx_word' id='word_1_90' title='bbox 639 1347 925 1419; x_wconf 84' lang='grc' dir='ltr'><strong><em>τμήμασι</em></strong></span> <span class='ocrx_word' id='word_1_91' title='bbox 966 1352 1257 1418; x_wconf 84' lang='grc' dir='ltr'><em>γωνίαις.</em></span> 
     </span>
     <span class='ocr_line' id='line_1_15' title="bbox 304 1424 1886 1508; baseline 0.003 -19"><span class='ocrx_word' id='word_1_92' title='bbox 304 1433 538 1490; x_wconf 89' lang='grc' dir='ltr'><strong><em>Κύκλου</em></strong></span> <span class='ocrx_word' id='word_1_93' title='bbox 591 1433 698 1508; x_wconf 80' lang='grc' dir='ltr'><em>γὰρ</em></span> <span class='ocrx_word' id='word_1_94' title='bbox 751 1424 853 1491; x_wconf 73' lang='grc' dir='ltr'><strong><em>τοῦ</em></strong></span> <span class='ocrx_word' id='word_1_95' title='bbox 893 1441 1116 1492; x_wconf 92' lang='grc' dir='ltr'><em>ΑΒΓΔ</em></span> <span class='ocrx_word' id='word_1_96' title='bbox 1170 1438 1503 1508; x_wconf 80' lang='grc' dir='ltr'><strong><em>ἐφαπτέσθω</em></strong></span> <span class='ocrx_word' id='word_1_97' title='bbox 1557 1460 1640 1504; x_wconf 92' lang='grc' dir='ltr'><strong><em>τις</em></strong></span> <span class='ocrx_word' id='word_1_98' title='bbox 1690 1435 1886 1493; x_wconf 82' lang='grc' dir='ltr'><em>εὐθεῖα</em></span> 
     </span>
     <span class='ocr_line' id='line_1_16' title="bbox 104 1520 1887 1597; baseline 0.005 -24"><span class='ocrx_word' id='word_1_99' title='bbox 104 1520 226 1594; x_wconf 85' lang='grc' dir='ltr'><strong><em>15ἡ</em></strong></span> <span class='ocrx_word' id='word_1_100' title='bbox 267 1528 370 1577; x_wconf 91' lang='grc' dir='ltr'><strong><em>ΕΖ</em></strong></span> <span class='ocrx_word' id='word_1_101' title='bbox 424 1520 563 1578; x_wconf 78' lang='grc' dir='ltr'><strong><em>κατὰ</em></strong></span> <span class='ocrx_word' id='word_1_102' title='bbox 618 1521 680 1579; x_wconf 85' lang='grc' dir='ltr'><strong><em>τὸ</em></strong></span> <span class='ocrx_word' id='word_1_103' title='bbox 721 1529 768 1579; x_wconf 91' lang='grc' dir='ltr'><strong><em>Β</em></strong></span> <span class='ocrx_word' id='word_1_104' title='bbox 820 1536 1078 1597; x_wconf 83' lang='grc' dir='ltr'><strong><em>σημεῖον,</em></strong></span> <span class='ocrx_word' id='word_1_105' title='bbox 1131 1526 1223 1581; x_wconf 84' lang='grc' dir='ltr'><strong><em>καὶ</em></strong></span> <span class='ocrx_word' id='word_1_106' title='bbox 1275 1523 1385 1582; x_wconf 79' lang='grc' dir='ltr'><strong><em>ἀπὸ</em></strong></span> <span class='ocrx_word' id='word_1_107' title='bbox 1425 1529 1527 1582; x_wconf 88' lang='grc' dir='ltr'><strong><em>τοῦ</em></strong></span> <span class='ocrx_word' id='word_1_108' title='bbox 1567 1532 1614 1582; x_wconf 93' lang='grc' dir='ltr'><strong><em>Β</em></strong></span> <span class='ocrx_word' id='word_1_109' title='bbox 1654 1529 1887 1597; x_wconf 84' lang='grc' dir='ltr'><strong><em>σημείου</em></strong></span> 
     </span>
     <span class='ocr_line' id='line_1_17' title="bbox 191 1609 1886 1686; baseline 0.002 -20"><span class='ocrx_word' id='word_1_110' title='bbox 191 1609 410 1683; x_wconf 82' lang='grc' dir='ltr'><em>διήχθω</em></span> <span class='ocrx_word' id='word_1_111' title='bbox 465 1633 547 1677; x_wconf 89' lang='grc' dir='ltr'><strong><em>τις</em></strong></span> <span class='ocrx_word' id='word_1_112' title='bbox 593 1609 790 1668; x_wconf 81' lang='grc' dir='ltr'><em>εὐθεῖα</em></span> <span class='ocrx_word' id='word_1_113' title='bbox 838 1617 917 1679; x_wconf 85' lang='grc' dir='ltr'><strong><em>εἰς</em></strong></span> <span class='ocrx_word' id='word_1_114' title='bbox 953 1613 1055 1670; x_wconf 90' lang='grc' dir='ltr'><strong><em>τὸν</em></strong></span> <span class='ocrx_word' id='word_1_115' title='bbox 1101 1619 1323 1670; x_wconf 90' lang='grc' dir='ltr'><em>ΑΒΓΔ</em></span> <span class='ocrx_word' id='word_1_116' title='bbox 1360 1613 1568 1671; x_wconf 89' lang='grc' dir='ltr'><strong><em>κύκλον</em></strong></span> <span class='ocrx_word' id='word_1_117' title='bbox 1606 1614 1886 1686; x_wconf 85' lang='grc' dir='ltr'><strong><em>τέμνουσα</em></strong></span> 
     </span>
     <span class='ocr_line' id='line_1_18' title="bbox 190 1697 1885 1775; baseline 0.002 -20"><span class='ocrx_word' id='word_1_118' title='bbox 190 1697 367 1756; x_wconf 83' lang='grc' dir='ltr'><em>αὐτὸν</em></span> <span class='ocrx_word' id='word_1_119' title='bbox 405 1698 440 1771; x_wconf 82' lang='grc' dir='ltr'><em>ἡ</em></span> <span class='ocrx_word' id='word_1_120' title='bbox 479 1706 608 1756; x_wconf 92' lang='grc' dir='ltr'><strong><em>ΒΔ.</em></strong></span> <span class='ocrx_word' id='word_1_121' title='bbox 662 1701 822 1772; x_wconf 85' lang='grc' dir='ltr'><strong><em>λέγω,</em></strong></span> <span class='ocrx_word' id='word_1_122' title='bbox 864 1700 949 1758; x_wconf 82' lang='grc' dir='ltr'><strong><em>ὅτι</em></strong></span> <span class='ocrx_word' id='word_1_123' title='bbox 989 1699 1056 1769; x_wconf 76' lang='grc' dir='ltr'><strong><em>ἃς</em></strong></span> <span class='ocrx_word' id='word_1_124' title='bbox 1093 1714 1242 1759; x_wconf 82' lang='grc' dir='ltr'><strong><em>ποιεῖ</em></strong></span> <span class='ocrx_word' id='word_1_125' title='bbox 1277 1708 1485 1774; x_wconf 84' lang='grc' dir='ltr'><em>γωνίας</em></span> <span class='ocrx_word' id='word_1_126' title='bbox 1522 1701 1556 1774; x_wconf 83' lang='grc' dir='ltr'><em>ἡ</em></span> <span class='ocrx_word' id='word_1_127' title='bbox 1597 1709 1712 1759; x_wconf 92' lang='grc' dir='ltr'><strong><em>ΒΔ</em></strong></span> <span class='ocrx_word' id='word_1_128' title='bbox 1749 1702 1885 1775; x_wconf 80' lang='grc' dir='ltr'><strong><em>μετὰ</em></strong></span> 
     </span>
     <span class='ocr_line' id='line_1_19' title="bbox 189 1791 1886 1862; baseline 0.003 -20"><span class='ocrx_word' id='word_1_129' title='bbox 189 1791 287 1859; x_wconf 86' lang='grc' dir='ltr'><strong><em>τῆς</em></strong></span> <span class='ocrx_word' id='word_1_130' title='bbox 319 1794 423 1843; x_wconf 92' lang='grc' dir='ltr'><strong><em>ΕΖ</em></strong></span> <span class='ocrx_word' id='word_1_131' title='bbox 457 1791 858 1862; x_wconf 83' lang='grc' dir='ltr'><strong><em>ἐφαπτομένης,</em></strong></span> <span class='ocrx_word' id='word_1_132' title='bbox 899 1797 1016 1847; x_wconf 78' lang='grc' dir='ltr'><strong><em>ἴσαι</em></strong></span> <span class='ocrx_word' id='word_1_133' title='bbox 1056 1796 1279 1848; x_wconf 86' lang='grc' dir='ltr'><strong><em>ἔσονται</em></strong></span> <span class='ocrx_word' id='word_1_134' title='bbox 1317 1802 1438 1857; x_wconf 83' lang='grc' dir='ltr'><strong><em>ταῖς</em></strong></span> <span class='ocrx_word' id='word_1_135' title='bbox 1478 1794 1538 1847; x_wconf 81' lang='grc' dir='ltr'><em>ἐν</em></span> <span class='ocrx_word' id='word_1_136' title='bbox 1576 1802 1694 1857; x_wconf 80' lang='grc' dir='ltr'><strong><em>τοῖς</em></strong></span> <span class='ocrx_word' id='word_1_137' title='bbox 1733 1794 1886 1847; x_wconf 85' lang='grc' dir='ltr'><strong><em>ἐναλ-</em></strong></span> 
     </span>
     <span class='ocr_line' id='line_1_20' title="bbox 192 1875 1886 1951; baseline 0.002 -19"><span class='ocrx_word' id='word_1_138' title='bbox 192 1875 292 1943; x_wconf 81' lang='grc' dir='ltr'><strong><em>λὰξ</em></strong></span> <span class='ocrx_word' id='word_1_139' title='bbox 330 1875 574 1948; x_wconf 86' lang='grc' dir='ltr'><strong><em>τμήμασι</em></strong></span> <span class='ocrx_word' id='word_1_140' title='bbox 605 1881 707 1933; x_wconf 87' lang='grc' dir='ltr'><strong><em>τοῦ</em></strong></span> <span class='ocrx_word' id='word_1_141' title='bbox 740 1879 950 1935; x_wconf 87' lang='grc' dir='ltr'><strong><em>κύκλου</em></strong></span> <span class='ocrx_word' id='word_1_142' title='bbox 982 1885 1229 1951; x_wconf 91' lang='grc' dir='ltr'><em>γωνίαις,</em></span> <span class='ocrx_word' id='word_1_143' title='bbox 1268 1880 1567 1951; x_wconf 84' lang='grc' dir='ltr'><strong><em>τουτέστιν,</em></strong></span> <span class='ocrx_word' id='word_1_144' title='bbox 1598 1878 1693 1940; x_wconf 71' lang='grc' dir='ltr'><strong><em>,ὅτι</em></strong></span> <span class='ocrx_word' id='word_1_145' title='bbox 1724 1878 1759 1951; x_wconf 81' lang='grc' dir='ltr'><em>ἡ</em></span> <span class='ocrx_word' id='word_1_146' title='bbox 1783 1880 1886 1951; x_wconf 80' lang='grc' dir='ltr'><strong><em>μὲν</em></strong></span> 
     </span>
     <span class='ocr_line' id='line_1_21' title="bbox 101 1962 1886 2045; baseline 0.004 -28"><span class='ocrx_word' id='word_1_147' title='bbox 101 1976 160 2016; x_wconf 77' lang='lat'><strong><em>20</em></strong></span> <span class='ocrx_word' id='word_1_148' title='bbox 191 1962 303 2021; x_wconf 84' lang='grc' dir='ltr'><strong><em>ὑπὸ</em></strong></span> <span class='ocrx_word' id='word_1_149' title='bbox 346 1971 516 2020; x_wconf 92' lang='grc' dir='ltr'><strong><em>ΖΒΔ</em></strong></span> <span class='ocrx_word' id='word_1_150' title='bbox 567 1971 746 2038; x_wconf 91' lang='grc' dir='ltr'><em>γωνία</em></span> <span class='ocrx_word' id='word_1_151' title='bbox 794 1973 886 2038; x_wconf 78' lang='grc' dir='ltr'><strong><em>ἴση</em></strong></span> <span class='ocrx_word' id='word_1_152' title='bbox 936 1968 1049 2023; x_wconf 78' lang='grc' dir='ltr'><strong><em>ἐστὶ</em></strong></span> <span class='ocrx_word' id='word_1_153' title='bbox 1094 1971 1161 2041; x_wconf 82' lang='grc' dir='ltr'><strong><em>τῇ</em></strong></span> <span class='ocrx_word' id='word_1_154' title='bbox 1211 1970 1271 2024; x_wconf 83' lang='grc' dir='ltr'><em>ἐν</em></span> <span class='ocrx_word' id='word_1_155' title='bbox 1317 1971 1393 2045; x_wconf 77' lang='grc' dir='ltr'><strong><em>τῷ</em></strong></span> <span class='ocrx_word' id='word_1_156' title='bbox 1434 1975 1609 2024; x_wconf 89' lang='grc' dir='ltr'><strong><em>ΒΑΔ</em></strong></span> <span class='ocrx_word' id='word_1_157' title='bbox 1647 1967 1886 2040; x_wconf 88' lang='grc' dir='ltr'><strong><em>τμήματι</em></strong></span> 
     </span>
     <span class='ocr_line' id='line_1_22' title="bbox 192 2052 1886 2130; baseline 0.002 -22"><span class='ocrx_word' id='word_1_158' title='bbox 192 2054 564 2127; x_wconf 83' lang='grc' dir='ltr'><strong><em>συνισταμένῃ</em></strong></span> <span class='ocrx_word' id='word_1_159' title='bbox 612 2059 817 2130; x_wconf 82' lang='grc' dir='ltr'><em>γωνία,</em></span> <span class='ocrx_word' id='word_1_160' title='bbox 868 2053 902 2126; x_wconf 80' lang='grc' dir='ltr'><em>ἡ</em></span> <span class='ocrx_word' id='word_1_161' title='bbox 945 2055 1007 2111; x_wconf 76' lang='grc' dir='ltr'><strong><em>δὲ</em></strong></span> <span class='ocrx_word' id='word_1_162' title='bbox 1053 2052 1163 2112; x_wconf 82' lang='grc' dir='ltr'><strong><em>ὑπὸ</em></strong></span> <span class='ocrx_word' id='word_1_163' title='bbox 1205 2062 1382 2113; x_wconf 91' lang='grc' dir='ltr'><strong><em>ΕΒΔ</em></strong></span> <span class='ocrx_word' id='word_1_164' title='bbox 1418 2061 1597 2129; x_wconf 91' lang='grc' dir='ltr'><em>γωνία</em></span> <span class='ocrx_word' id='word_1_165' title='bbox 1637 2063 1730 2128; x_wconf 78' lang='grc' dir='ltr'><strong><em>ἴση</em></strong></span> <span class='ocrx_word' id='word_1_166' title='bbox 1771 2056 1886 2113; x_wconf 79' lang='grc' dir='ltr'><strong><em>ἐστὶ</em></strong></span> 
     </span>
     <span class='ocr_line' id='line_1_23' title="bbox 189 2142 1603 2221; baseline 0.004 -25"><span class='ocrx_word' id='word_1_167' title='bbox 189 2144 255 2214; x_wconf 82' lang='grc' dir='ltr'><strong><em>τῇ</em></strong></span> <span class='ocrx_word' id='word_1_168' title='bbox 297 2142 358 2197; x_wconf 81' lang='grc' dir='ltr'><em>ἐν</em></span> <span class='ocrx_word' id='word_1_169' title='bbox 396 2145 472 2218; x_wconf 79' lang='grc' dir='ltr'><strong><em>τῷ</em></strong></span> <span class='ocrx_word' id='word_1_170' title='bbox 514 2150 570 2198; x_wconf 91' lang='grc' dir='ltr'><em>Δ</em></span> <span class='ocrx_word' id='word_1_171' title='bbox 578 2148 680 2199; x_wconf 93' lang='grc' dir='ltr'><strong><em>ΓΒ</em></strong></span> <span class='ocrx_word' id='word_1_172' title='bbox 718 2143 956 2215; x_wconf 87' lang='grc' dir='ltr'><strong><em>τμήματι</em></strong></span> <span class='ocrx_word' id='word_1_173' title='bbox 997 2146 1371 2219; x_wconf 81' lang='grc' dir='ltr'><strong><em>συνισταμένῃ</em></strong></span> <span class='ocrx_word' id='word_1_174' title='bbox 1410 2151 1603 2221; x_wconf 80' lang='grc' dir='ltr'><em>γωνία.</em></span> 
     </span>
     <span class='ocr_line' id='line_1_24' title="bbox 287 2228 1885 2307; baseline 0.003 -22"><span class='ocrx_word' id='word_1_175' title='bbox 287 2228 486 2302; x_wconf 78' lang='grc' dir='ltr'><em>’Ήχθω</em></span> <span class='ocrx_word' id='word_1_176' title='bbox 526 2230 634 2302; x_wconf 80' lang='grc' dir='ltr'><em>γὰρ</em></span> <span class='ocrx_word' id='word_1_177' title='bbox 674 2230 783 2288; x_wconf 80' lang='grc' dir='ltr'><strong><em>ἀπὸ</em></strong></span> <span class='ocrx_word' id='word_1_178' title='bbox 824 2234 926 2288; x_wconf 87' lang='grc' dir='ltr'><strong><em>τοῦ</em></strong></span> <span class='ocrx_word' id='word_1_179' title='bbox 965 2238 1013 2288; x_wconf 91' lang='grc' dir='ltr'><strong><em>Β</em></strong></span> <span class='ocrx_word' id='word_1_180' title='bbox 1051 2237 1117 2306; x_wconf 81' lang='grc' dir='ltr'><strong><em>τῇ</em></strong></span> <span class='ocrx_word' id='word_1_181' title='bbox 1159 2239 1263 2289; x_wconf 89' lang='grc' dir='ltr'><strong><em>ΕΖ</em></strong></span> <span class='ocrx_word' id='word_1_182' title='bbox 1301 2232 1441 2305; x_wconf 82' lang='grc' dir='ltr'><strong><em>πρὸς</em></strong></span> <span class='ocrx_word' id='word_1_183' title='bbox 1479 2232 1661 2307; x_wconf 78' lang='grc' dir='ltr'><strong><em>ὀρθὰς</em></strong></span> <span class='ocrx_word' id='word_1_184' title='bbox 1698 2232 1885 2305; x_wconf 83' lang='grc' dir='ltr'><strong><em>ἡΒΑ,</em></strong></span> 
     </span>
    </p>
   </div>
   <div class='ocr_carea' id='block_1_4' title="bbox 188 2338 546 2345">
    <p class='ocr_par' dir='ltr' id='par_1_4' title="bbox 188 2338 546 2345">
     <span class='ocr_line' id='line_1_25' title="bbox 188 2338 546 2345; baseline 0 0"><span class='ocrx_word' id='word_1_185' title='bbox 188 2338 546 2345; x_wconf 95' lang='lat' dir='ltr'><strong><em> </em></strong></span> 
     </span>
    </p>
   </div>
   <div class='ocr_carea' id='block_1_5' title="bbox 308 2377 1013 2437">
    <p class='ocr_par' dir='ltr' id='par_1_5' title="bbox 308 2377 1013 2437">
     <span class='ocr_line' id='line_1_26' title="bbox 308 2377 1013 2437; baseline 0.004 -15"><span class='ocrx_word' id='word_1_186' title='bbox 308 2377 495 2423; x_wconf 90' lang='lat' dir='ltr'>XXXII.</span> <span class='ocrx_word' id='word_1_187' title='bbox 527 2379 718 2424; x_wconf 74' lang='lat' dir='ltr'>Boetius</span> <span class='ocrx_word' id='word_1_188' title='bbox 750 2395 794 2437; x_wconf 84' lang='lat' dir='ltr'><strong><em>p.</em></strong></span> <span class='ocrx_word' id='word_1_189' title='bbox 820 2383 923 2436; x_wconf 86' lang='lat'><strong>388,</strong></span> <span class='ocrx_word' id='word_1_190' title='bbox 946 2385 1013 2426; x_wconf 87' lang='grc'><strong><em>16.</em></strong></span> 
     </span>
    </p>
   </div>
   <div class='ocr_carea' id='block_1_6' title="bbox 189 2470 546 2478">
    <p class='ocr_par' dir='ltr' id='par_1_6' title="bbox 189 2470 546 2478">
     <span class='ocr_line' id='line_1_27' title="bbox 189 2470 546 2478; baseline 0 0"><span class='ocrx_word' id='word_1_191' title='bbox 189 2470 546 2478; x_wconf 95' lang='lat' dir='ltr'><strong><em> </em></strong></span> 
     </span>
    </p>
   </div>
   <div class='ocr_carea' id='block_1_7' title="bbox 189 2511 1884 2927">
    <p class='ocr_par' dir='ltr' id='par_1_7' title="bbox 189 2511 1884 2927">
     <span class='ocr_line' id='line_1_28' title="bbox 314 2511 1881 2571; baseline 0.001 -15"><span class='ocrx_word' id='word_1_192' title='bbox 314 2518 350 2557; x_wconf 92' lang='lat'><strong><em>1.</em></strong></span> <span class='ocrx_word' id='word_1_193' title='bbox 385 2513 552 2571; x_wconf 84' lang='grc' dir='ltr'><em>γωνία]</em></span> <span class='ocrx_word' id='word_1_194' title='bbox 588 2526 677 2557; x_wconf 90' lang='lat' dir='ltr'><strong><em>om.</em></strong></span> <span class='ocrx_word' id='word_1_195' title='bbox 710 2511 945 2570; x_wconf 86' lang='lat' dir='ltr'><strong>PBFVp.</strong></span> <span class='ocrx_word' id='word_1_196' title='bbox 1084 2518 1127 2559; x_wconf 84' lang='lat'><strong><em>2.</em></strong></span> <span class='ocrx_word' id='word_1_197' title='bbox 1161 2513 1267 2570; x_wconf 85' lang='lat' dir='ltr'><strong>Seq.</strong></span> <span class='ocrx_word' id='word_1_198' title='bbox 1301 2513 1396 2558; x_wconf 84' lang='lat' dir='ltr'><strong>alia</strong></span> <span class='ocrx_word' id='word_1_199' title='bbox 1428 2512 1789 2568; x_wconf 62' lang='lat' dir='ltr'><strong>demonsffiratim</strong></span> <span class='ocrx_word' id='word_1_200' title='bbox 1836 2529 1881 2558; x_wconf 89' lang='lat' dir='ltr'><strong><em>u.</em></strong></span> 
     </span>
     <span class='ocr_line' id='line_1_29' title="bbox 189 2569 1845 2644; baseline 0.002 -30"><span class='ocrx_word' id='word_1_201' title='bbox 189 2571 436 2628; x_wconf 79' lang='lat' dir='ltr'>appendix.</span> <span class='ocrx_word' id='word_1_202' title='bbox 560 2577 599 2616; x_wconf 91' lang='lat'><strong><em>3.</em></strong></span> <span class='ocrx_word' id='word_1_203' title='bbox 632 2569 838 2629; x_wconf 83' lang='grc' dir='ltr'><strong><em>πόρισμα</em></strong></span> <span class='ocrx_word' id='word_1_204' title='bbox 862 2597 918 2604; x_wconf 90' lang='lat'>—</span> <span class='ocrx_word' id='word_1_205' title='bbox 946 2577 986 2617; x_wconf 81' lang='lat'><strong><em>7.</em></strong></span> <span class='ocrx_word' id='word_1_206' title='bbox 1021 2571 1159 2644; x_wconf 83' lang='grc' dir='ltr'><strong><em>εἰσιν]</em></strong></span> <span class='ocrx_word' id='word_1_207' title='bbox 1191 2587 1285 2630; x_wconf 87' lang='lat' dir='ltr'><strong><em>mg.</em></strong></span> <span class='ocrx_word' id='word_1_208' title='bbox 1318 2588 1379 2617; x_wconf 89' lang='lat' dir='ltr'><strong><em>m.</em></strong></span> <span class='ocrx_word' id='word_1_209' title='bbox 1408 2578 1430 2617; x_wconf 92' lang='lat'><strong>1</strong></span> <span class='ocrx_word' id='word_1_210' title='bbox 1463 2573 1606 2628; x_wconf 84' lang='lat' dir='ltr'><strong>PFb;</strong></span> <span class='ocrx_word' id='word_1_211' title='bbox 1640 2588 1756 2619; x_wconf 75' lang='lat' dir='ltr'>eras,</span> <span class='ocrx_word' id='word_1_212' title='bbox 1788 2574 1845 2618; x_wconf 86' lang='lat' dir='ltr'><strong><em>V.</em></strong></span> 
     </span>
     <span class='ocr_line' id='line_1_30' title="bbox 190 2625 1882 2691; baseline 0.002 -17"><span class='ocrx_word' id='word_1_213' title='bbox 190 2635 232 2675; x_wconf 89' lang='lat'><strong><em>4.</em></strong></span> <span class='ocrx_word' id='word_1_214' title='bbox 267 2625 363 2688; x_wconf 75' lang='grc' dir='ltr'><strong><em>ὅτι]</em></strong></span> <span class='ocrx_word' id='word_1_215' title='bbox 398 2633 439 2688; x_wconf 70' lang='lat' dir='ltr'><strong><em>’.l</em></strong></span> <span class='ocrx_word' id='word_1_216' title='bbox 472 2630 520 2675; x_wconf 87' lang='lat' dir='ltr'><strong><em>F.</em></strong></span> <span class='ocrx_word' id='word_1_217' title='bbox 642 2627 696 2689; x_wconf 84' lang='grc' dir='ltr'><strong><em>ἡ]</em></strong></span> <span class='ocrx_word' id='word_1_218' title='bbox 729 2646 818 2676; x_wconf 89' lang='lat' dir='ltr'><strong><em>om.</em></strong></span> <span class='ocrx_word' id='word_1_219' title='bbox 850 2631 901 2676; x_wconf 92' lang='lat' dir='ltr'><strong><em>P.</em></strong></span> <span class='ocrx_word' id='word_1_220' title='bbox 1008 2647 1238 2689; x_wconf 84' lang='grc' dir='ltr'><em>τριγωνου</em></span> <span class='ocrx_word' id='word_1_221' title='bbox 1270 2627 1300 2687; x_wconf 84' lang='grc' dir='ltr'><em>ἡ</em></span> <span class='ocrx_word' id='word_1_222' title='bbox 1334 2633 1418 2688; x_wconf 88' lang='grc' dir='ltr'><strong><em>μία</em></strong></span> <span class='ocrx_word' id='word_1_223' title='bbox 1448 2633 1596 2689; x_wconf 85' lang='grc' dir='ltr'><em>γωνία</em></span> <span class='ocrx_word' id='word_1_224' title='bbox 1626 2632 1719 2691; x_wconf 88' lang='lat' dir='ltr'><strong><em>Bp.</em></strong></span> <span class='ocrx_word' id='word_1_225' title='bbox 1842 2637 1882 2678; x_wconf 83' lang='lat'><strong><em>5.</em></strong></span> 
     </span>
     <span class='ocr_line' id='line_1_31' title="bbox 190 2685 1880 2750; baseline 0.001 -17"><span class='ocrx_word' id='word_1_226' title='bbox 190 2685 279 2734; x_wconf 79' lang='grc' dir='ltr'><strong><em>δύο</em></strong></span> <span class='ocrx_word' id='word_1_227' title='bbox 310 2688 362 2734; x_wconf 89' lang='grc' dir='ltr'><strong><em>Ρ.</em></strong></span> <span class='ocrx_word' id='word_1_228' title='bbox 449 2686 547 2735; x_wconf 78' lang='grc' dir='ltr'><strong><em>ἐστι</em></strong></span> <span class='ocrx_word' id='word_1_229' title='bbox 578 2689 631 2734; x_wconf 92' lang='grc' dir='ltr'><strong><em>Β.</em></strong></span> <span class='ocrx_word' id='word_1_230' title='bbox 730 2686 760 2747; x_wconf 80' lang='grc' dir='ltr'>ἡ</span> <span class='ocrx_word' id='word_1_231' title='bbox 792 2691 962 2749; x_wconf 82' lang='grc' dir='ltr'><em>γωνία]</em></span> <span class='ocrx_word' id='word_1_232' title='bbox 994 2690 1091 2747; x_wconf 87' lang='lat' dir='ltr'><strong><em>Pb;</em></strong></span> <span class='ocrx_word' id='word_1_233' title='bbox 1125 2705 1214 2736; x_wconf 89' lang='lat' dir='ltr'><strong><em>om.</em></strong></span> <span class='ocrx_word' id='word_1_234' title='bbox 1248 2691 1384 2748; x_wconf 84' lang='lat' dir='ltr'><strong>BFp.</strong></span> <span class='ocrx_word' id='word_1_235' title='bbox 1491 2697 1531 2737; x_wconf 88' lang='lat'><strong><em>6.</em></strong></span> <span class='ocrx_word' id='word_1_236' title='bbox 1565 2692 1674 2750; x_wconf 89' lang='grc' dir='ltr'><strong><em>καί]</em></strong></span> <span class='ocrx_word' id='word_1_237' title='bbox 1708 2706 1733 2736; x_wconf 85' lang='lat' dir='ltr'>e</span> <span class='ocrx_word' id='word_1_238' title='bbox 1765 2705 1880 2736; x_wconf 85' lang='lat' dir='ltr'><strong>corr.</strong></span> 
     </span>
     <span class='ocr_line' id='line_1_32' title="bbox 189 2744 1884 2809; baseline 0.002 -18"><span class='ocrx_word' id='word_1_239' title='bbox 189 2748 240 2793; x_wconf 83' lang='lat' dir='ltr'><strong><em>F.</em></strong></span> <span class='ocrx_word' id='word_1_240' title='bbox 329 2744 483 2807; x_wconf 80' lang='grc' dir='ltr'><strong><em>ἐκτός]</em></strong></span> <span class='ocrx_word' id='word_1_241' title='bbox 516 2749 870 2805; x_wconf 78' lang='lat' dir='ltr'><strong>Pb,Bm.re0.;</strong></span> <span class='ocrx_word' id='word_1_242' title='bbox 905 2746 1078 2807; x_wconf 77' lang='grc' dir='ltr'><strong><em>ἑφεξῆς</em></strong></span> <span class='ocrx_word' id='word_1_243' title='bbox 1107 2750 1205 2807; x_wconf 75' lang='lat' dir='ltr'><strong><em>Pp,</em></strong></span> <span class='ocrx_word' id='word_1_244' title='bbox 1237 2749 1276 2792; x_wconf 93' lang='lat' dir='ltr'>B</span> <span class='ocrx_word' id='word_1_245' title='bbox 1307 2765 1366 2794; x_wconf 91' lang='lat' dir='ltr'><strong><em>m.</em></strong></span> <span class='ocrx_word' id='word_1_246' title='bbox 1389 2755 1427 2796; x_wconf 95' lang='lat'><strong><em>1.</em></strong></span> <span class='ocrx_word' id='word_1_247' title='bbox 1514 2747 1620 2809; x_wconf 80' lang='grc' dir='ltr'><em>ἐάν]</em></span> <span class='ocrx_word' id='word_1_248' title='bbox 1640 2751 1737 2806; x_wconf 80' lang='lat' dir='ltr'><strong><em>Pb3</em></strong></span> <span class='ocrx_word' id='word_1_249' title='bbox 1769 2747 1884 2795; x_wconf 82' lang='grc' dir='ltr'><strong><em>ὅταν</em></strong></span> 
     </span>
     <span class='ocr_line' id='line_1_33' title="bbox 190 2806 1881 2866; baseline 0.002 -16"><span class='ocrx_word' id='word_1_250' title='bbox 190 2807 328 2864; x_wconf 85' lang='lat' dir='ltr'><strong>FBp.</strong></span> <span class='ocrx_word' id='word_1_251' title='bbox 462 2813 500 2853; x_wconf 80' lang='lat'><strong><em>7.</em></strong></span> <span class='ocrx_word' id='word_1_252' title='bbox 534 2806 611 2866; x_wconf 81' lang='grc' dir='ltr'><strong><em>αἴ]</em></strong></span> <span class='ocrx_word' id='word_1_253' title='bbox 646 2823 734 2853; x_wconf 90' lang='lat' dir='ltr'><strong><em>om.</em></strong></span> <span class='ocrx_word' id='word_1_254' title='bbox 768 2808 857 2853; x_wconf 91' lang='lat' dir='ltr'><strong><em>Pb.</em></strong></span> <span class='ocrx_word' id='word_1_255' title='bbox 980 2811 1149 2865; x_wconf 83' lang='grc' dir='ltr'><em>γωνίαι</em></span> <span class='ocrx_word' id='word_1_256' title='bbox 1179 2810 1278 2853; x_wconf 78' lang='grc' dir='ltr'><strong><em>ἴσαι</em></strong></span> <span class='ocrx_word' id='word_1_257' title='bbox 1308 2809 1358 2854; x_wconf 90' lang='lat' dir='ltr'><strong><em>F.</em></strong></span> <span class='ocrx_word' id='word_1_258' title='bbox 1482 2814 1524 2855; x_wconf 90' lang='lat'><strong><em>8.</em></strong></span> <span class='ocrx_word' id='word_1_259' title='bbox 1555 2807 1639 2854; x_wconf 70' lang='lat'><strong><em>20&#39;</em></strong></span> <span class='ocrx_word' id='word_1_260' title='bbox 1674 2810 1732 2864; x_wconf 86' lang='lat' dir='ltr'><strong><em>F;</em></strong></span> <span class='ocrx_word' id='word_1_261' title='bbox 1766 2823 1881 2854; x_wconf 84' lang='lat' dir='ltr'><strong>corr.</strong></span> 
     </span>
     <span class='ocr_line' id='line_1_34' title="bbox 191 2863 1763 2927; baseline 0.003 -18"><span class='ocrx_word' id='word_1_262' title='bbox 191 2880 252 2910; x_wconf 91' lang='lat' dir='ltr'><strong><em>m.</em></strong></span> <span class='ocrx_word' id='word_1_263' title='bbox 278 2871 318 2910; x_wconf 83' lang='lat'><strong><em>2.</em></strong></span> <span class='ocrx_word' id='word_1_264' title='bbox 473 2873 513 2912; x_wconf 88' lang='lat'><strong><em>9.</em></strong></span> <span class='ocrx_word' id='word_1_265' title='bbox 548 2863 632 2923; x_wconf 78' lang='grc' dir='ltr'><strong><em>έφ-</em></strong></span> <span class='ocrx_word' id='word_1_266' title='bbox 664 2872 766 2914; x_wconf 80' lang='lat' dir='ltr'><strong><em>m.2</em></strong></span> <span class='ocrx_word' id='word_1_267' title='bbox 798 2866 846 2913; x_wconf 87' lang='lat' dir='ltr'><strong><em>F.</em></strong></span> <span class='ocrx_word' id='word_1_268' title='bbox 994 2873 1062 2913; x_wconf 90' lang='lat'><strong><em>10.</em></strong></span> <span class='ocrx_word' id='word_1_269' title='bbox 1095 2866 1163 2920; x_wconf 79' lang='grc' dir='ltr'><strong><em>εἰς</em></strong></span> <span class='ocrx_word' id='word_1_270' title='bbox 1193 2865 1276 2913; x_wconf 87' lang='grc' dir='ltr'><strong><em>τὸν</em></strong></span> <span class='ocrx_word' id='word_1_271' title='bbox 1307 2864 1501 2927; x_wconf 82' lang='grc' dir='ltr'><strong><em>κύκλον]</em></strong></span> <span class='ocrx_word' id='word_1_272' title='bbox 1536 2883 1624 2913; x_wconf 84' lang='lat' dir='ltr'><strong><em>om.</em></strong></span> <span class='ocrx_word' id='word_1_273' title='bbox 1658 2868 1763 2914; x_wconf 87' lang='lat' dir='ltr'><strong><em>FV.</em></strong></span> 
     </span>
    </p>
   </div>
  </div>
 </body>
</html>
