1956 3074
789 69 1140 111 PRAEFATIO.
1741 71 1808 111 IX

297 189 421 258 888,
459 188 752 240 membran.
800 187 964 241 libros
1003 186 1222 241 I-VII
1261 188 1375 257 ipse
1416 189 1618 242 contuli
1659 187 1808 242 Oxo-

298 276 419 329 niae
463 277 619 330 1882.

114 361 159 415 F
199 393 268 402 —
302 363 414 416 cod.
461 363 755 418 Florentin.
802 362 1147 418 Laurentian.
1187 363 1446 434 XXVIII,
1479 365 1512 417 3
1562 382 1700 418 saec.
1741 363 1808 434 X,

297 453 592 505 membran.
669 452 727 504 in
774 452 877 505 hoc
926 470 1136 522 quoque
1178 453 1359 507 codice
1401 454 1669 523 scriptura
1712 471 1808 506 an-

297 541 449 610 tiqua
511 559 670 610 saepe
733 560 897 595 manu
960 541 1161 595 saeculi
1199 540 1331 595 XVI
1391 544 1659 595 renouata
1711 545 1808 611 est,

298 648 432 699 quae
484 629 670 684 eadem
722 630 896 683 multa
945 629 1077 685 folia
1122 628 1448 683 foliorumue
1495 634 1680 699 partes
1723 648 1805 683 re-

298 719 596 771 sarcinauit
627 721 682 771 et
713 718 962 771 ultimam
994 721 1206 788 partem
1244 718 1441 772 codicis
1474 722 1650 773 totam
1685 739 1806 790 sup-

294 807 482 875 pleuit.
544 825 665 860 eam
705 807 1012 877 significaui
1051 807 1236 861 littera
1275 828 1333 877 φ,
1372 808 1679 879 ubicunque
1719 827 1807 862 an·

299 895 508 964 tiquam
553 896 879 964 scripturam
925 897 1013 949 uel
1053 896 1273 950 uitiauit
1312 898 1400 951 uel
1438 897 1517 950 ita
1557 897 1807 952 obscura-

297 984 394 1053 uit,
433 987 495 1037 ut
533 984 777 1055 dignosci
816 1003 926 1038 non
957 988 1158 1055 posset.
1207 988 1386 1040 totum
1419 986 1656 1040 codicem
1687 986 1806 1055 ipse

299 1074 506 1126 contuli
544 1072 853 1127 Florentiae
898 1075 1055 1128 1881.

106 1160 159 1215 V
189 1192 264 1200 —
296 1163 409 1215 cod.
434 1162 743 1218 Uindobon.
776 1161 866 1216 Gr.
895 1163 1000 1216 103
1041 1181 1178 1218 saec.
1203 1161 1480 1234 ΧΙ-ΧΙΙ,
1504 1164 1808 1217 membran.

295 1254 506 1320 partem
545 1251 797 1304 ultimam
835 1252 894 1304 in
933 1251 1125 1306 charta
1166 1252 1494 1322 bombycina
1535 1252 1809 1322 suppleuit

297 1358 489 1393 manus
531 1341 731 1394 saeculi
756 1339 904 1394 XIII.
955 1339 1138 1394 'totum
1172 1342 1377 1395 contuli
1409 1342 1523 1412 ipse
1555 1339 1808 1394 Hauniae

301 1431 460 1484 1880.

107 1518 145 1570 b
183 1547 258 1555 —
299 1517 414 1571 cod.
437 1517 799 1571 bibliothecae
832 1518 1189 1572 communalis
1222 1518 1579 1573 Bononiensis
1620 1536 1809 1572 nume-

297 1605 374 1658 ris
411 1607 626 1660 18—19
662 1607 874 1677 signat„
915 1625 1049 1662 saec.
1074 1607 1169 1676 XI,
1210 1608 1505 1662 membran.
1554 1608 1754 1662 librum
1781 1608 1808 1660 I

183 1728 190 1732 -
301 1695 506 1748 contuli
546 1698 599 1747 et
639 1695 777 1748 alios
817 1683 1104 1750 nonnullos
1143 1697 1290 1750 locos
1331 1697 1544 1767 inspexi
1581 1696 1807 1751 Floren-

293 1783 404 1836 tiae
449 1784 606 1837 1881.

106 1891 143 1941 p
187 1902 251 1910 —
297 1871 411 1925 cod.
456 1871 703 1935 Parisin.
759 1871 846 1926 Gr,
904 1873 1049 1926 2466
1114 1892 1249 1927 saec.
1310 1873 1438 1942 XII,
1508 1875 1812 1928 membran.
1887 1926 1891 1931 ,

294 1960 499 2013 librum
546 1959 573 2013 I
624 1962 828 2014 contuli
865 1961 1088 2015 Parisiis
1134 1963 1297 2032 1880,
1351 1962 1518 2017 libros
1570 1962 1813 2016 II-VII

295 2047 543 2101 Hauniae
586 2049 746 2103 1882.

220 2313 433 2383 Restat,
486 2319 547 2367 ut
594 2318 751 2385 grato
802 2315 979 2370 officio
1035 2316 1236 2387 fungar
1286 2319 1352 2371 iis
1409 2318 1542 2372 uiris
1596 2317 1810 2388 gratias

107 2422 274 2473 quam
316 2403 578 2457 maximas
619 2405 828 2475 agendi,
868 2406 959 2475 qui
997 2406 1173 2460 labori
1213 2425 1332 2461 meo
1373 2407 1647 2461 fauerunt.
1697 2407 1809 2476 pri-

106 2510 255 2545 mum
305 2495 366 2546 ut
412 2492 611 2546 itinera
657 2492 899 2548 Parisios
946 2497 1000 2547 et
1045 2495 1103 2547 in
1141 2495 1361 2550 Italiam
1408 2497 1573 2550 toties
1621 2496 1804 2550 facere

104 2598 350 2650 possem,
404 2581 653 2636 effectum
693 2585 774 2636 est
814 2583 1010 2636 eximia
1048 2583 1377 2638 liberalitate
1419 2585 1647 2638 summi
1686 2584 1807 2637 Mi-

105 2669 395 2739 nisterii,
453 2670 595 2740 quod
643 2671 813 2725 cultui
860 2671 1164 2742 scholisque
1211 2673 1413 2726 nostris
1453 2677 1698 2743 praeest,
1756 2676 1810 2727 et

107 2757 408 2811 instituti
462 2757 938 2831 Carlsbergici‚
993 2761 1205 2814 litteras
1264 2762 1655 2832 scientiamque
1706 2763 1812 2815 lar-

102 2846 248 2916 giter
281 2847 600 2903 adiuuantis.
651 2850 815 2903 etiam
845 2849 1135 2921 praefectis
1169 2850 1624 2905 bibliothecarum
1650 2851 1813 2906 Uin-

196 2941 397 2981 Euclide
409 2951 442 2986 ι,
469 2943 552 2978 edd.
576 2944 747 2986 Heiberg
771 2947 809 2978 et
835 2945 984 2986 Menge.
1456 2937 1546 2984 δι”*
