1956 3074
126 1006 178 1045 10

120 1447 175 1487 15

118 1893 176 1932 20

212 75 322 129 314
851 75 1186 119 ΣΤοΙΧΕΙΩΝ
1216 71 1280 120 ε’.

307 192 505 266 ’Ήχθω
560 195 664 249 τοῦ
710 198 1047 249 ΑΒΓΔΕΖ
1092 193 1302 250 κύκλου
1352 193 1644 265 διάμετρος
1690 191 1724 264 ἡ
1768 198 1902 263 ΑΔ,

208 282 300 337 καὶ
352 282 607 354 εἰλήφθω
647 281 708 337 τὸ
749 282 1124 353 κέντροντοῦ
1162 281 1373 338 κύκλου
1410 281 1474 338 τὸ
1515 288 1596 353 Η,
1649 282 1742 337 καὶ
1781 283 1902 338 κε’ν-

208 391 321 446 τρῳ
362 369 464 442 μὲν
503 375 579 447 τῷ
605 377 661 425 Δ
701 368 1028 441 διαστήματι
1070 370 1131 425 δὲ
1169 379 1244 446 τῷ
1273 376 1326 424 A
1337 376 1395 426 H
1430 369 1632 436 κύκλος
1662 369 1904 442 γεγράφ-

211 467 301 515 θω
351 457 380 514 ὁ
423 464 674 530 ΕΗΓΘ,
722 458 814 514 καὶ
855 459 1259 531 ἐπιζευχθεῖσαι
1301 461 1362 513 αἱ
1401 464 1537 529 ΕΗ,
1593 463 1713 514 ΓΗ
1752 457 1903 530 διήχ-

209 555 409 604 θωσαν
460 547 548 603 ἐπὶ
602 545 668 602 τὰ
724 552 798 615 Β,
855 553 900 601 Ζ
948 557 1172 618 σημεῖα,
1235 547 1327 601 καὶ
1375 545 1796 618 ἐπεζεύχθωσαν
1848 549 1909 601 αἱ

209 643 336 707 AB,
371 641 493 707 ΒΓ,
524 641 647 706 ΓΛ,
680 642 809 706 ΛΕ,
839 642 961 706 ΕΖ,
987 642 1122 691 ZA·
1164 636 1324 707 λέγω,
1358 634 1443 691 ὅτι
1481 636 1542 691 τὸ
1570 639 1904 691 ΑΒΓΔΕΖ

210 725 494 797 ἑξάγωνον
534 723 870 797 ἰσόπλευρόν
908 725 970 779 τέ
1006 726 1120 780 ἐστι
1159 724 1252 780 καὶ
1293 724 1610 795 ι’σογῶνιον.

318 811 465 869 Ἐπεὶ
496 811 602 884 γὰρ
626 810 689 868 τὸ
715 819 779 867 Η
797 823 1028 884 σημεῖον
1052 801 1287 884 κε”ντρον
1313 813 1426 869 ἐστὶ
1450 817 1551 868 τοῦ
1576 818 1903 869 ΑΒΓΔΕΖ

208 901 438 973 κύκλου,
481 909 572 974 ἴση
615 901 766 958 ἐστὶν
806 899 840 973 ἡ
880 907 1000 957 ΗΕ
1033 905 1098 974 τῇ
1140 906 1274 957 ΗΔ.
1353 901 1548 974 πάλιν,
1590 902 1703 958 ἐπεὶ
1742 900 1805 958 τὸ
1849 909 1904 958 Δ

211 1001 443 1062 σημεῖον
489 990 725 1061 κέντρον
781 989 895 1046 ἐστὶ
945 992 1048 1046 τοῦ
1091 995 1260 1046 ΗΓΘ
1313 989 1550 1061 κύκλου,
1606 998 1697 1062 ἴση
1755 991 1904 1047 ἐστὶν

208 1076 242 1150 ἡ
285 1085 403 1133 ΔΕ
438 1082 503 1152 τῇ
546 1083 679 1133 ΔΗ.
729 1075 850 1133 ἀλλ’
894 1075 928 1149 ἡ
969 1083 1089 1134 ΗΕ
1124 1081 1187 1151 τῇ
1228 1084 1351 1133 HA
1390 1080 1616 1150 ἐδείχθη
1659 1086 1773 1151 ἴση·
1811 1079 1903 1134 καὶ

207 1165 242 1239 ἡ
283 1173 403 1223 ΗΕ
446 1166 556 1239 ἄρα
601 1170 668 1239 τῇ
709 1173 824 1222 ΕΔ
870 1173 962 1238 ἴση
1011 1169 1192 1223 ἐστίν·
1264 1166 1601 1240 ἰσόπλευρον
1640 1166 1750 1239 ἄρα
1790 1167 1904 1223 ἐστὶ

206 1254 271 1311 τὸ
312 1261 494 1311 ΕΗΔ
537 1259 844 1328 τρίγωνον·
913 1255 1004 1309 καὶ
1056 1257 1118 1309 αἱ
1154 1265 1300 1327 τρεῖς
1339 1254 1449 1327 ἄρα
1489 1253 1665 1311 αὐτοῦ
1703 1260 1904 1326 γωνίαι

209 1346 270 1399 αἱ
297 1341 407 1400 ὑπὸ
433 1349 632 1414 ΕΗΔ,
672 1348 869 1414 ΗΔΕ,
913 1348 1098 1398 ΔΕΗ
1116 1350 1232 1398 ἴσαι
1264 1341 1529 1414 ἀλλήλαις
1562 1346 1723 1415 εἰσίν,
1765 1346 1904 1400 ἐπει-

210 1432 383 1507 δήπερ
426 1437 540 1489 τῶν
582 1436 886 1488 ἰσοσκελῶν
924 1431 1215 1504 τριγώνων
1257 1435 1318 1488 αἱ
1352 1432 1492 1504 πρὸς
1528 1437 1593 1507 τῇ
1617 1433 1778 1505 βάσει
1799 1456 1908 1506 γω-.

207 1526 326 1578 νίαι
367 1529 482 1578 ἴσαι
522 1519 788 1593 ἀλλήλαις
827 1524 1002 1577 εἰσίν·
1055 1525 1153 1576 καί
1187 1524 1331 1577 εἰσιν
1371 1523 1433 1576 αί
1469 1533 1614 1594 τρεῖς
1651 1526 1753 1579 τοῦ
1791 1545 1904 1595 τρι-

206 1611 398 1682 γώνου
435 1614 635 1681 γωνίαι
691 1610 858 1666 δυσὶν
898 1607 1101 1681 ὀρθαῖς
1140 1616 1283 1664 ἴσαι·
1353 1607 1387 1678 ἡ
1430 1608 1538 1683 ἄρα
1576 1608 1685 1666 ὑπὸ
1727 1617 1905 1667 ΕΗΔ

205 1703 386 1772 γωνία
423 1704 613 1772 τρίτον
654 1699 767 1755 ἐστὶ
808 1702 912 1755 δύο
947 1697 1157 1769 ὀρθῶν.
1211 1695 1415 1769 ὁμοίως
1448 1699 1517 1771 δὴ
1551 1699 1903 1772 δειχθήσεται

206 1789 298 1844 καὶ
338 1785 373 1859 ἡ
413 1786 523 1844 ὑπὸ
565 1793 749 1844 ΔΗΓ
780 1792 969 1861 τρίτον
1011 1786 1115 1842 δύο
1157 1785 1370 1859 ὀρθῶν.
1431 1787 1522 1842 καὶ
1564 1788 1678 1843 ἐπεὶ
1719 1786 1752 1859 ἡ
1792 1793 1906 1844 ΓΗ

209 1876 406 1935 εὐθεῖα
454 1877 541 1933 ἐπὶ
589 1875 692 1948 τὴν
730 1883 836 1932 ΕΒ
885 1884 1155 1932 σταθεῖσα
1191 1874 1291 1941 τὰς
1329 1877 1524 1947 ἐφεξῆς
1561 1880 1769 1948 γωνίας
1806 1876 1905 1943 τὰς

206 1965 315 2023 ὑπὸ
359 1970 546 2037 ΕΗΓ,
591 1970 760 2021 ΓΗΒ
801 1965 966 2020 δυσὶν
1007 1963 1207 2037 ὀρθαῖς
1240 1970 1363 2030 ἴσας
1400 1975 1565 2035 ποιεῖ,
1604 1964 1696 2019 καὶ
1737 1965 1899 2037 λοιπὴ

207 2054 318 2127 ἄρα
368 2052 402 2125 ἡ
457 2051 566 2109 ὑπὸ
616 2058 781 2108 ΓΗΒ
836 2057 1025 2123 τρίτον
1074 2052 1186 2107 ἐστὶ
1237 2051 1342 2107 δύο
1392 2050 1617 2124 ὀρθῶν·
1689 2055 1750 2108 αἱ
1793 2052 1903 2125 ἄρα

206 2141 316 2199 ὑπὸ
358 2147 556 2213 ΕΗΔ,
599 2146 793 2211 ΔΗΓ,
833 2145 1000 2196 ΓΗΒ
1039 2146 1238 2211 γωνίαι
1281 2148 1396 2196 ἴσαι
1435 2139 1699 2212 ἀλλήλαις
1738 2145 1902 2198 εἰσίν·

208 2231 348 2288 ῶστε
409 2231 502 2286 καὶ
564 2231 626 2284 αἱ
675 2227 812 2284 κατὰ
866 2228 1126 2300 κορυφὴν
1180 2228 1376 2294 αὐταῖς
1430 2231 1491 2284 αἱ
1541 2227 1650 2285 ὑπὸ
1707 2235 1902 2301 ΒΗΑ,

328 2401 366 2441 1.
401 2397 581 2438 ΑΒΓΔ
611 2392 664 2437 Β.
757 2393 866 2451 ΑΔ]
901 2405 925 2437 e
958 2405 1072 2437 corr.
1106 2407 1166 2435 m.
1192 2406 1282 2436 rec.
1315 2390 1363 2436 F.
1488 2397 1530 2436 2.
1563 2393 1638 2451 Η]
1672 2394 1778 2449 post
1808 2405 1896 2436 ras.

209 2461 230 2499 1
264 2453 358 2498 litt.
390 2452 438 2496 F.
504 2458 544 2498 3.
581 2452 643 2511 A]
674 2465 768 2496 non
798 2451 948 2508 liquet
978 2452 1037 2496 ob
1069 2464 1158 2495 ras.
1190 2451 1240 2494 in
1270 2451 1320 2495 F.
1400 2453 1525 2510 AH]
1560 2456 1603 2496 A
1635 2465 1659 2496 e
1692 2465 1806 2496 corr.
1839 2465 1898 2495 m.

207 2528 298 2559 rec.
330 2513 380 2556 F.
532 2516 574 2555 4.
608 2512 828 2579 ΕΗΓΘ]
862 2524 887 2555 e
921 2524 1035 2556 corr.
1069 2525 1128 2556 m.
1162 2524 1251 2555 rec.
1287 2509 1334 2554 F.
1470 2507 1658 2567 ἐπιζευχ
1660 2513 1818 2555 θωσαι
1849 2511 1900 2582 Ρ,

207 2586 322 2618 corr.
355 2587 416 2615 m.
445 2576 482 2615 1.
606 2575 646 2614 5.
680 2570 736 2628 B]
770 2569 820 2614 in
849 2582 937 2614 ras.
971 2585 1030 2615 m.
1057 2575 1082 2613 2
1115 2569 1216 2614 FV.
1340 2575 1379 2614 6.
1412 2568 1527 2614 Posi.
1555 2569 1634 2627 λέ
1639 2586 1674 2613 ω
1707 2569 1813 2616 add.
1838 2545 1900 2625 δή

206 2647 267 2676 m.
300 2644 390 2676 rec
425 2631 474 2674 F.
622 2633 662 2673 8
695 2632 872 2672 ΑΒΓΔ
903 2628 995 2685 Bp.
1119 2632 1160 2672 9.
1195 2629 1255 2687 Δ]
1291 2631 1332 2672 Ε
1363 2627 1411 2674 F.
1536 2634 1606 2673 10.
1608 2587 1806 2687 γΗΓΘ]
1840 2628 1899 2684 P,

207 2691 362 2735 ΗΘΚ
389 2690 446 2744 F;
481 2689 680 2735 ΕΗΓΘ
710 2688 839 2745 BVp
809 2703 873 2759 ς
893 2703 942 2732 m
974 2688 1016 2731 V
1049 2701 1140 2742 seq.
1175 2701 1262 2732 ras.
1293 2693 1315 2731 1
1341 2687 1901 2746 litt.11.AE]EA

207 2748 255 2794 F.
382 2748 507 2807 AH]
542 2750 643 2792 EH
672 2746 722 2791 F.
844 2742 963 2791 αλλοέ
993 2745 1044 2791 Ρ.
1199 2752 1266 2792 12.
1300 2763 1330 2790 α
1336 2747 1414 2817 ρα]
1449 2762 1509 2791 m.
1535 2752 1561 2790 2
1594 2747 1650 2791 V.
1774 2742 1900 2791 ἐστιν

209 2810 283 2864 ἴση
316 2808 411 2883 Vp.
536 2804 659 2882 ἐστι’]
695 2803 819 2854 ἐστίν
851 2806 947 2852 PF.
1075 2810 1142 2850 15.
1176 2763 1464 2863 ἰσοπλεύρων
1497 2805 1548 2861 F,
1581 2805 1663 2850 sed
1694 2818 1807 2850 corr.

208 2865 284 2925 αι]
320 2864 374 2911 αἱ
401 2871 524 2925 τρεῖς
555 2863 610 2909 αἴ
635 2866 685 2909 F.
840 2870 909 2910 16.
951 2863 1089 2923 εἰσίν]
1125 2863 1219 2909 εἰσί
1244 2865 1300 2909 V.
1451 2863 1531 2909 καὶ
1564 2863 1702 2922 εἰσιν]
1737 2879 1826 2910 om.
1860 2863 1897 2907 B
