1956 3074
543 115 1008 157 ELEMENTORUM
1037 115 1220 156 LIBER
1249 115 1331 156 111.
1711 110 1815 163 191

122 241 235 306 tur,
284 254 511 305 quarum
549 254 662 288 una
697 252 794 304 per
833 236 1102 301 centrum,
1151 237 1361 286 ceterae
1409 235 1590 285 autem
1629 235 1819 285 utcun-

124 343 226 396 que
280 326 470 379 ductae
533 326 682 392 sunt,
738 340 922 375 earum
970 323 1264 390 rectarum,
1329 339 1466 391 quae
1515 320 1581 373 ad
1630 339 1819 374 cauam

122 419 334 485 partem
375 412 612 466 ambitus
654 411 932 480 adcidunt,
972 411 1208 463 maxima
1249 413 1348 479 est,
1387 428 1524 479 quae
1561 427 1658 478 per
1699 427 1820 462 cen-

121 507 268 556 trum
307 503 468 556 ducta
507 503 605 570 est,
644 503 941 553 ceterarum
981 502 1162 552 autem
1200 499 1448 568 proxima
1479 515 1719 568 quaeque
1757 498 1820 568 ei,

124 611 262 662 quae
299 610 397 662 per
435 592 680 643 centrum
720 592 824 658 est,
862 588 1153 643 remotiore
1191 587 1365 641 maior
1405 589 1510 656 est,
1550 590 1820 640 rectarum

124 684 304 734 autem
344 680 411 733 ad
451 697 750 732 connexam
787 679 1002 747 partem
1042 677 1279 730 ambitus
1320 676 1686 730 adcidentium
1721 676 1820 727 mi-

121 770 268 822 nima
321 771 427 838 est,
483 786 619 838 quae
666 768 810 821 inter
855 769 1115 835 punctum
1165 769 1219 819 et
1265 766 1589 818 diametrum
1639 764 1820 833 posita

121 861 225 927 est,
280 861 581 911 ceterarum
630 860 812 910 autem
858 855 1107 924 proxima
1158 872 1401 925 quaeque
1441 853 1698 906 minimae
1737 872 1820 906 re-

119 947 347 1000 motiore
387 947 580 1015 minor,
634 950 689 998 et
728 945 864 997 duae
905 944 1051 998 solae
1092 946 1270 997 rectae
1310 962 1342 995 a
1379 946 1578 1012 puncto
1619 943 1712 996 illo
1753 943 1821 996 acl

121 1036 378 1089 circulum
434 1034 682 1088 adcident
735 1034 792 1086 in
848 1035 1077 1102 utraque
1132 1035 1288 1101 parte
1343 1032 1623 1101 minimae3
1679 1031 1822 1101 quod

120 1131 235 1178 erat
273 1123 771 1178 demonstrandum,

921 1283 1015 1337 IX.

235 1390 292 1444 Si
329 1392 477 1444 intra
515 1391 776 1444 circulum
814 1390 1075 1458 punctum
1117 1387 1337 1455 aliquod
1378 1386 1626 1455 sumitur,
1665 1388 1720 1439 et
1752 1387 1820 1439 ab

121 1480 224 1532 hoc
246 1483 448 1549 puncto
475 1480 543 1533 ad
567 1480 826 1533 circulum
857 1477 1043 1546 plures
1070 1494 1232 1545 quam
1258 1475 1395 1548 duae
1419 1478 1598 1528 rectae
1623 1493 1821 1545 aequa-

120 1570 199 1622 les
240 1569 307 1621 ad
347 1569 606 1622 circulum
647 1567 922 1631 adcidunt,
962 1567 1240 1633 sumptum
1272 1566 1532 1632 punctum
1566 1565 1810 1617 centrum

1014 1655 1095 1705 est
1136 1652 1339 1705 circuli.

1082 1739 1165 1794 Sit
1181 1741 1411 1794 circulus
1421 1745 1474 1793 A
1482 1744 1529 1794 Β
1539 1743 1600 1810 Γ,
1611 1744 1666 1794 et
1675 1742 1823 1795 intra

1013 1848 1136 1883 eum
1175 1833 1438 1898 punctum
1479 1834 1550 1899 A,
1599 1833 1654 1883 et
1693 1849 1725 1884 a
1765 1835 1821 1883 A

1014 1918 1083 1970 ad
1118 1920 1291 1971 ΑΒΓ
1331 1918 1589 1971 circulum
1635 1920 1821 1989 plures

885 2021 925 2058 η’
1015 2026 1178 2078 quam
1202 2007 1339 2060 duae
1363 2010 1541 2061 rectae
1568 2009 1821 2078 aequales

1016 2095 1273 2149 adcidant
1322 2100 1462 2165 ΛΑ,
1511 2101 1647 2167 ΔΒ,
1696 2099 1821 2151 ΔΓ.

1018 2185 1154 2255 dico,
1191 2189 1456 2254 punctum
1480 2190 1536 2238 A
1576 2189 1820 2240 centrum

1019 2292 1136 2327 esse
1176 2273 1362 2327 circuli
1400 2278 1580 2328 ΑΒΓ.

1091 2363 1357 2416 ducantur
1389 2363 1534 2416 enim
1565 2370 1620 2418 A
1629 2368 1693 2435 Β,
1717 2367 1829 2418 ΒΓ

1015 2455 1070 2505 et
1101 2454 1351 2528 secentur
1381 2452 1439 2504 in
1472 2452 1605 2506 duas
1636 2458 1820 2523 partes

121 2540 370 2609 aequales
408 2541 464 2595 in
503 2543 719 2611 punctis
753 2546 815 2612 Ε,
859 2546 919 2611 Ζ,
960 2545 1014 2595 et
1055 2543 1247 2595 ductae
1281 2543 1410 2609 EA,
1451 2545 1562 2595 ZA
1595 2543 1820 2597 educan-

119 2630 209 2681 tur
247 2628 314 2681 ad
344 2633 546 2698 puncta
583 2635 664 2701 Η,
706 2635 775 2701 Κ,
814 2635 875 2697 Θ,
916 2635 983 2685 Λ.

231 2719 340 2770 iam
386 2721 642 2788 quoniam
700 2726 904 2775 AE=
931 2725 1059 2790 ΕΒ,
1117 2724 1170 2773 et
1217 2721 1520 2775 communis
1569 2723 1653 2774 est
1691 2725 1820 2790 EA,

122 2804 256 2858 duae
294 2809 470 2860 rectae
510 2814 563 2862 Α
574 2814 637 2880 Ε,
679 2814 794 2863 EA
827 2811 1034 2864 duabus
1069 2813 1191 2878 ΒΕ,
1233 2814 1350 2863 EA
1382 2810 1636 2880 aequales
1679 2814 1820 2864 sunt.

122 2897 177 2946 et
215 2898 331 2947 AA
355 2920 423 2939 =
451 2901 576 2951 AB.
643 2899 824 2970 itaque
865 2906 899 2962 L
925 2903 1101 2952 AEA
1126 2925 1196 2943 =
1224 2902 1395 2952 BEA
1430 2899 1493 2969 [1,
1521 2900 1594 2966 8].
1632 2899 1817 2970 itaque
