1956 3074
175 63 245 115 70
810 63 1144 106 ΣΤΟΙΧΕΙῼΝ
1175 59 1242 109 α’.
1924 0 1956 83 7

1940 99 1956 196 J

171 187 349 237 ΗΘΛ
382 182 547 237 δυσὶν
587 179 790 254 ὀρθαῖς
828 187 974 247 ἴσας·
1012 182 1174 253 λέγω,
1215 179 1300 238 ὅτι
1332 180 1687 254 παράλληλός
1715 184 1864 239 ἐστιν
1943 198 1956 251 ξ

171 269 205 342 ἡ
247 277 355 327 ΑΒ
393 274 460 345 τῇ
501 275 618 327 ΓΔ.
1949 266 1956 321 ζ

277 357 426 416 Ἐπεὶ
473 357 580 432 γὰρ
629 366 720 430 ἴση
771 359 920 415 ἐστὶν
967 357 1000 430 ἡ
1052 357 1161 415 ὑπὸ
1204 365 1372 415 ΕΗΒ
1412 364 1476 434 τῇ
1518 359 1627 417 ὑπὸ
1669 368 1864 430 ΗΘΔ,
1953 384 1956 386 ·

103 482 110 487 -
172 446 312 504 ἀλλὰ
367 446 401 520 ἡ
456 446 564 504 ὑπὸ
615 454 786 504 ΕΗΒ
834 451 900 520 τῇ
949 446 1057 504 ὑπὸ
1105 455 1280 505 ΑΗΘ
1327 451 1476 505 ἐστιν
1525 457 1644 522 ἴση,
1699 453 1790 507 καὶ
1831 452 1865 525 ἡ
1946 495 1956 525 3

113 555 139 596 5
172 535 281 594 ὑπὸ
330 543 505 593 ΑΗΘ
551 537 660 607 ἄρα
706 541 772 611 τῇ
821 536 930 593 ὑπὸ
979 544 1156 593 ΗΘΔ
1211 540 1360 594 ἐστιν
1409 546 1520 609 ἴση·
1583 546 1682 596 καί
1724 546 1868 598 εἰσιν
1953 548 1956 549 ’

134 622 136 626 ’
172 625 429 692 ἐναλλάξ·
469 625 822 698 παράλληλος
861 625 970 695 ἄρα
1010 627 1161 682 ἐστὶν
1201 624 1235 697 ἡ
1278 633 1385 682 ΑΒ
1424 632 1490 700 τῇ
1533 632 1650 683 ΓΔ.
1953 623 1956 687 ζ

283 713 494 784 Πάλιν,
555 714 671 770 ἐπεὶ
736 717 796 769 αἱ
846 711 958 770 ὑπὸ
1017 721 1209 785 ΒΗΘ,
1263 722 1441 771 ΗΘΛ
1505 716 1609 772 δύο
1666 715 1868 789 ὀρθαῖς

172 809 288 858 ἴσαι
336 806 504 873 εἰσίν,
561 804 668 858 εἰσὶ
717 803 779 859 δὲ
824 804 916 859 καὶ
964 806 1026 859 αἱ
1076 802 1185 859 ὑπὸ
1237 810 1434 874 ΑΗΘ,
1490 810 1661 861 ΒΗΘ
1701 809 1867 864 δυσὶν

171 889 375 966 ὀρθαῖς
431 899 574 963 ἴσαι,
636 895 698 948 αἰ
757 891 866 965 ἄρα
927 890 1037 949 ὑπὸ
1096 898 1294 963 ΛΗΘ,
1350 899 1522 948 ΒΗΘ
1574 907 1695 961 ταῖς
1756 895 1864 954 ὑπὸ

84 999 139 1041 10
173 987 359 1053 ΒΗΘ,
393 988 457 1038 Η
460 988 572 1037 ΘΔ
596 988 712 1036 ι”σαι
739 984 902 1037 εἰσίν·
942 980 1103 1052 κοινὴ
1138 980 1456 1055 ἀφῃρήσθω
1483 981 1516 1054 ἡ
1541 981 1650 1038 ὑπὸ
1676 990 1866 1041 ΒΗΘ·

169 1071 334 1144 λοιπὴ
392 1071 502 1146 ἄρα
555 1069 589 1141 ἡ
638 1068 747 1127 ὑπὸ
796 1077 968 1126 ΑΗΘ
1014 1075 1178 1143 λοιπῇ
1225 1075 1290 1144 τῇ
1338 1069 1446 1128 ὑπὸ
1499 1078 1678 1128 ΗΘΔ
1718 1077 1868 1131 ἐστιν

172 1169 286 1232 ἴση·
325 1164 425 1216 καί
458 1163 601 1216 εἰσιν
643 1159 898 1227 ἐναλλάξ·
947 1159 1300 1233 παράλληλος
1339 1159 1448 1233 ἄρα
1490 1161 1641 1218 ἐστὶν
1681 1160 1714 1235 ἡ
1758 1170 1867 1219 ΑΒ

170 1254 235 1323 τῇ
278 1255 395 1306 ΓΔ.

280 1337 413 1394 Ἐὰν
460 1337 572 1412 ἄρα
619 1342 696 1404 εἰς
736 1337 841 1394 δύο
882 1336 1106 1403 εὐθείας
1146 1336 1342 1393 εὐθεῖα
1382 1339 1726 1409 ἐμπίπτουσα
1764 1340 1868 1413 τὴν

88 1444 141 1484 15
176 1426 331 1493 ἐκτὸς
369 1431 584 1498 γωνίαν
623 1430 689 1500 τῇ
731 1427 888 1493 ε’ντὸς
910 1427 1001 1482 καὶ
1034 1425 1374 1483 ἀπεναντίον
1395 1427 1489 1485 καὶ
1515 1428 1602 1483 ἐπὶ
1634 1427 1699 1484 τὰ
1725 1428 1867 1485 αὐτὰ

174 1518 311 1590 με’ρη
363 1524 491 1588 ἴσην
538 1519 670 1588 ποιῇ
719 1513 754 1586 ἢ
810 1513 907 1581 τὰς
953 1513 1108 1580 ἐντὸς
1154 1516 1247 1570 καὶ
1295 1515 1382 1572 ἐπὶ
1430 1515 1496 1571 τὰ
1545 1514 1686 1572 αὐτὰ
1728 1518 1866 1589 μέρη

175 1607 341 1663 δυσὶν
397 1605 600 1678 ὀρθαῖς
654 1612 801 1674 ἴσας,
856 1603 1202 1676 παράλληλοι
1250 1608 1473 1660 ἔσονται
1521 1606 1584 1659 αί
1626 1604 1868 1661 εὐθεῖαι·

175 1694 310 1768 ὅπερ
352 1698 463 1750 ἔδει
505 1694 695 1759 δεῖξαι.
1952 1681 1956 1687 ’

961 1767 1087 1823 κθ’.

83 1875 140 1914 20
275 1859 350 1916 ‘H
396 1861 490 1925 εἰς
528 1855 640 1922 τὰς
678 1854 1142 1927 παραλλήλους
1181 1853 1452 1920 εὐθείας
1491 1853 1722 1912 εὐθεῖα
1764 1859 1868 1927 ἐμ-

171 1955 502 2006 πίπτουσα
540 1944 650 2011 τάς
689 1968 753 2001 τε
794 1943 1074 2011 ἐναλλὰξ
1104 1948 1350 2015 γωνίας
1382 1951 1527 2009 ἴσας
1551 1933 1870 2015 ἀλλήλαις

171 2049 355 2095 ποιεῖ
409 2035 517 2091 καὶ
572 2032 689 2106 τὴν
741 2032 928 2099 ἐκτὸς
973 2037 1046 2106 τῇ
1089 2030 1272 2098 ἐντὸς
1318 2032 1426 2087 καὶ
1466 2029 1869 2089 ἀπεναντίον

175 2135 328 2199 ἴσην
361 2125 470 2181 καὶ
509 2121 619 2190 τὰς
659 2121 846 2188 ἐντὸς
884 2122 991 2178 καὶ
1031 2122 1132 2177 ἐπὶ
1172 2119 1246 2176 τὰ
1283 2118 1445 2177 αὐτοὶ
1479 2123 1639 2192 μέρη
1673 2122 1869 2177 δυσὶν

175 2214 419 2289 ὀρθαῖς
459 2220 618 2279 ἴσας.
1717 2248 1722 2252 .

89 2319 146 2358 25
291 2306 392 2368 Εἰς
431 2299 536 2374 γὰρ
572 2300 960 2374 παραλλήλους
992 2297 1216 2365 εὐθείας
1247 2298 1344 2364 τὰς
1375 2305 1499 2368 ΑΒ,
1540 2303 1643 2354 ΓΔ
1675 2297 1871 2355 εὐθεῖα

296 2456 336 2496 3.
370 2451 484 2494 Post
516 2451 659 2493 EHB
691 2449 740 2493 in
773 2448 814 2493 V
846 2448 949 2493 add.
983 2448 1133 2504 γωνία
1163 2462 1224 2492 m.
1251 2453 1277 2491 2
1310 2449 1512 2504 (comp).
1699 2447 1867 2504 ΗΘΔ]

179 2514 321 2555 ΗΒΔ
352 2509 403 2565 F,
436 2509 519 2554 sed
551 2512 586 2552 B
619 2523 644 2553 e
677 2522 793 2553 corr.
946 2511 987 2551 4.
1022 2508 1097 2561 ἴση
1131 2502 1256 2551 ἐστίν
1287 2522 1331 2564 p.
1488 2510 1534 2550 5..
1562 2506 1684 2551 Ante
1720 2509 1769 2550 Η
1778 2507 1870 2551 ΘΔ

175 2584 265 2615 rae.
302 2575 325 2614 1
357 2568 450 2613 litt.
484 2569 534 2613 F.
659 2569 734 2623 ἴση
767 2563 893 2612 ἐστίν
923 2581 968 2623 p.
1093 2570 1132 2609 7.
1165 2567 1301 2610 δυσίν
1333 2566 1423 2622 Bp.
1546 2569 1588 2611 8.
1622 2563 1741 2610 εἰσιν
1772 2566 1871 2609 ἴσαι

175 2645 219 2687 p.
328 2627 447 2673 εἰσὶν
480 2626 533 2672 δέ
566 2626 616 2671 P.
709 2623 786 2685 αἱ]
823 2639 963 2683 supra
992 2640 1053 2670 m.
1082 2629 1104 2668 1
1141 2624 1180 2668 b.
1305 2629 1345 2669 9.
1379 2621 1434 2668 αἴ
1461 2618 1575 2682 ἄρα]
1608 2620 1703 2681 ἄρα
1735 2621 1790 2668 αἴ
1816 2624 1867 2668 F.

238 2693 307 2732 10.
341 2686 481 2746 εἰσίν]
514 2686 655 2742 PBF,
689 2699 838 2742 comp.
864 2685 917 2740 b;
950 2682 1046 2728 εἰσί
1071 2683 1228 2741 uulgo.
1384 2688 1451 2727 11.
1486 2685 1561 2740 ἴση
1596 2679 1720 2728 ἐστίν
1751 2698 1797 2739 Ρ.

179 2753 247 2792 12.
283 2743 427 2805 ἐστίν]
462 2761 550 2792 om.
583 2746 633 2790 F.
756 2744 861 2802 AB]
896 2757 922 2789 e
954 2757 1070 2788 corr.
1102 2743 1159 2796 F;
1191 2741 1243 2786 in
1272 2755 1362 2787 ras,
1393 2742 1439 2786 b.
1563 2746 1629 2787 15.
1663 2737 1871 2785 ἀπεναν-

176 2806 277 2856 τίας
307 2821 351 2862 Ρ.
446 2811 515 2851 21.
546 2805 618 2864 τε]
652 2818 741 2849 om.
773 2804 824 2858 F,
857 2817 997 2860 supra
1028 2817 1088 2846 m.
1115 2801 1208 2846 2V.
1312 2801 1504 2858 γωνίας]
1538 2814 1628 2845 om.
1662 2800 1868 2845 Proclus.

236 2861 472 2922 ἀλλήλαις]
507 2879 595 2908 om.
628 2863 834 2908 Proclus.
958 2867 1028 2906 22.
1061 2860 1215 2918 ποιεῖ]
1249 2874 1365 2906 corr.
1397 2874 1453 2905 ex
1484 2860 1594 2919 ποιῇ
1612 2859 1667 2904 V.
1789 2858 1872 2903 καὶ
