1956 3074
534 125 995 169 ELEMENTORUM
1025 127 1210 170 LIBER
1239 128 1322 171 111.
1682 126 1788 181 201

98 262 207 298 uno
246 247 325 313 A,
370 247 433 298 Β.
510 247 564 298 e’n
619 246 864 297 sumatur
911 244 1099 298 circuli
1145 248 1369 299 ΑΒΓΔ
1433 250 1677 302 ceniarum
1723 252 1797 316 H,

99 333 286 386 circuli
325 336 506 386 autem
545 336 775 386 ΕΒΖΔ
813 336 1058 386 ceniarum
1097 337 1159 387 Θ.

886 424 1070 493 itaque
1108 426 1256 476 recta
1286 426 1357 492 H,
1382 427 1430 476 Θ
1462 425 1796 495 coniungens

813 513 872 565 in
899 515 962 582 Β,
988 517 1044 565 Δ
1068 512 1222 566 cadeb
1247 514 1422 583 [prop.
1445 513 1565 580 XI].
1637 514 1796 567 cadat

710 587 735 627 ⁴'
814 606 878 655 ut
939 605 1190 655 ΒΗΘΔ.
1298 605 1352 654 et
1421 603 1676 671 quoniam
1737 606 1805 655 H

813 693 1074 760 punctum
1144 693 1387 743 centrum
1458 694 1541 744 est
1611 692 1798 744 circuli

812 780 1058 848 ΑΒΓΔ,
1105 780 1208 832 erit
1246 783 1456 832 BH=
1481 783 1620 834 HA.
1695 781 1797 834 ita·

813 887 917 939 que
963 872 1157 930 BH>
1183 873 1311 922 ΘΔ.
1404 888 1570 939 quare
1623 870 1796 922 multo

813 959 992 1029 magis
1031 962 1137 1011 ΒΘ
1158 967 1216 1019 >
1241 961 1368 1011 ΘΔ.

208 1066 395 1101 rursus
450 1048 708 1118 quoniam
749 1051 807 1100 ’Θ
853 1050 1112 1116 punctum
1169 1050 1414 1100 centrum
1470 1049 1552 1100 esi:
1608 1047 1796 1100 circuli

99 1140 340 1203 EBZA,
385 1135 489 1188 erit
527 1138 630 1188 ΒΘ
655 1160 724 1178 =
750 1137 876 1188 ΘΔ.
926 1134 1019 1188 sed
1060 1134 1490 1188 demonstratum
1531 1136 1629 1203 est,
1670 1152 1795 1186 ean-

103 1225 223 1279 dem
263 1225 436 1278 multo
475 1224 738 1278 maiorem
780 1241 917 1292 esse3
965 1223 1106 1294 quod
1153 1223 1272 1276 fieri
1310 1241 1420 1276 non
1458 1225 1655 1293 potesiz.
1695 1223 1793 1276 ita-

106 1333 208 1383 que
249 1314 478 1367 circulus
517 1313 778 1366 circulum
817 1313 965 1366 intra
1001 1330 1114 1365 non
1153 1311 1423 1382 contingit
1461 1311 1518 1365 in
1547 1312 1794 1381 pluribus

101 1403 319 1472 punctis
360 1420 519 1471 quam
558 1420 680 1454 uno,

213 1491 330 1544 dico
370 1491 555 1562 igitur,
593 1509 661 1543 ne
702 1491 1032 1543 extrinsecus
1073 1490 1287 1559 quidem
1326 1489 1431 1542 hoc
1469 1489 1601 1543 fieri.
1665 1509 1795 1545 nam

105 1579 151 1632 si
193 1580 307 1632 fieri
346 1583 545 1649 potest,
584 1579 815 1633 circulus
840 1582 1013 1632 ΑΓΚ
1044 1580 1299 1633 circulum
1328 1581 1552 1632 ΑΒΓΔ
1592 1581 1794 1634 extrin-

100 1686 252 1722 secus
301 1669 587 1737 contingat
632 1668 689 1721 in
734 1668 982 1737 pluribus
1021 1669 1236 1737 punctis
1278 1686 1440 1737 quam
1479 1686 1586 1722 uno
1627 1673 1694 1739 A,
1732 1672 1795 1740 Γ,

99 1761 153 1811 et
198 1757 425 1810 dueatur
477 1762 524 1810 Α
533 1760 591 1810 Γ.
668 1757 778 1810 iam
825 1757 1080 1826 quoniam
1134 1757 1193 1809 in
1249 1757 1457 1810 ambi'cu
1513 1758 1793 1829 utriusque

100 1846 284 1900 circuli
330 1848 575 1915 ΑΒΓΔ,
622 1849 797 1899 ΑΓΚ
850 1846 953 1899 duo
1008 1847 1280 1916 quaelibet
1325 1848 1529 1916 puncta
1577 1850 1795 1917 sumpta

100 1937 227 1988 suni:
256 1939 325 2005 A,
362 1937 424 2004 Γ,
463 1938 614 1988 recta
653 1953 718 1988 ea
757 1935 1090 2006 coniungens
1129 1935 1273 1988 intra
1313 1940 1599 2005 utrumque
1640 1936 1795 1989 cadet

101 2024 275 2093 [prop.
313 2023 408 2091 ΙΙ].
486 2023 579 2076 sed
625 2024 771 2077 intra
818 2024 1077 2077 circulum
1119 2026 1342 2077 ΑΒΓΔ
1401 2027 1456 2076 et
1502 2027 1653 2078 extra
1698 2025 1795 2079 cir-

105 2112 283 2165 culum
320 2115 495 2166 ΑΓΚ
532 2113 722 2166 cecidit
763 2113 889 2180 [def.
914 2113 996 2183 3];
1038 2113 1180 2183 quod
1220 2113 1514 2167 absurdum
1555 2117 1651 2167 est,
1691 2115 1793 2167 ita-

102 2218 204 2269 que
258 2201 485 2255 circulus
539 2201 799 2255 circulum
854 2202 1188 2255 extrinsecus
1249 2220 1359 2256 non
1410 2191 1682 2274 contingit
1735 2204 1795 2257 in

98 2289 342 2358 pluribus
380 2291 597 2360 punctis
639 2310 799 2361 quam
839 2309 962 2345 uno.
1017 2292 1448 2345 demonstratum
1489 2296 1687 2361 autem,
1724 2310 1794 2345 ne

99 2376 246 2431 intra
285 2378 499 2448 quidem
537 2379 642 2433 hoc
676 2379 807 2432 fieri.

210 2465 358 2537 Ergo
405 2468 636 2521 circulus
687 2468 943 2522 circulum
989 2487 1101 2522 non
1142 2469 1414 2539 contingit
1452 2469 1510 2522 in
1549 2470 1793 2539 pluribus

99 2669 188 2727 Pp.
281 2669 418 2717 ἔπεσε
450 2672 545 2730 Vp.
669 2678 739 2717 20.
773 2673 940 2731 ΑΓΚ]
974 2677 1020 2717 K
1047 2673 1096 2718 in
1126 2687 1216 2719 ras,
1248 2688 1309 2717 m.
1338 2679 1359 2717 1
1395 2675 1445 2719 P.
1569 2680 1640 2721 21.
1674 2672 1792 2732 ἐφά-

100 2738 243 2795 ψεται
273 2729 325 2785 Β,
371 2731 413 2775 V
445 2745 585 2790 supra
616 2747 699 2777 ser.
732 2747 792 2776 m.
819 2737 861 2777 2.
995 2738 1064 2777 23.
1100 2729 1208 2792 οὐκ]
1244 2746 1383 2790 supra
1415 2747 1501 2779 scr.
1535 2732 1583 2780 F.
1709 2731 1791 2792 ἐφ-

101 2795 276 2842 αψεται
308 2788 406 2845 BF,
439 2791 478 2837 V
510 2805 534 2836 e
568 2805 682 2837 corr.
714 2806 774 2837 m.
795 2796 834 2837 2.
