1956 3074
516 79 977 123 ELEMENTORUM
1006 78 1188 120 LIBER
1218 78 1252 119 1.
1662 73 1732 125 15

42 209 181 272 AA,
224 206 359 271 ΔΒ,
397 203 459 254 ut
490 201 627 254 fiant
656 203 790 268 AE,
827 201 955 267 ΒΖ,
994 200 1049 251 et
1081 198 1260 250 centro
1294 200 1341 248 Β
1366 195 1517 250 radio
1551 197 1733 249 autem

41 293 153 345 ΒΓ
182 291 411 345 circulus
450 289 786 343 describatur
826 290 952 354 [αἴτ.
985 287 1043 354 2]
1078 289 1270 355 ΓΗΘ,
1310 287 1365 338 et
1395 303 1581 338 rursus
1615 301 1734 336 cen-

40 385 126 434 tro
168 385 224 433 A
260 379 412 433 radio
452 381 634 432 autem
674 382 729 430 A
738 380 803 430 H
835 376 1068 430 circulus
1109 374 1446 428 describatur
1483 374 1680 425 ΗΚΛ.

151 470 261 522 iam
300 468 556 538 quoniam
586 465 634 519 B
657 468 916 537 punctum
949 467 1193 518 centrum
1227 466 1310 517 est
1340 461 1527 516 circuli
1549 463 1732 529 ΓΗΘ,

842 556 947 608 erit
984 557 1095 608 ΒΓ
1114 578 1183 597 =
1209 556 1338 606 ΒΗ.
1390 569 1577 604 rursus
1603 567 1733 618 quo-

837 645 985 697 niam
1050 647 1105 696 A
1163 643 1423 712 punctum
1487 641 1733 692 centrum

838 736 923 787 est
954 733 1140 786 circuli
1163 733 1371 799 ΗΚΛ,
1404 730 1509 782 erit

1101 824 1211 875 AA
1236 846 1305 864 =
1334 824 1388 872 Δ
1398 822 1478 887 Η,

837 931 1064 982 quarum
1095 912 1279 980 partes
1314 913 1453 977 AA,
1493 910 1603 959 AB
1646 923 1732 959 ae-

837 1001 1041 1071 quales
1080 989 1265 1069 itaque
1289 1002 1343 1051 A
1351 1000 1403 1050 A
1428 1021 1498 1039 =
1525 997 1646 1048 ΒΗ
1665 996 1734 1061 [κ.

836 1090 1037 1157 ἕνν.3].
1078 1089 1172 1142 sed
1195 1087 1626 1141 demonstratum
1652 1086 1735 1138 est

834 1181 944 1232 ΒΓ
963 1205 1032 1223 =
1059 1179 1188 1232 ΒΗ.
1271 1177 1455 1245 itaque
1504 1175 1733 1243 utraque

831 1271 963 1338 AA,
994 1269 1104 1320 ΒΓ
1134 1269 1315 1320 rectae
1339 1267 1457 1317 ΒΗ
1493 1263 1734 1334 aequalis

39 1363 135 1414 est.
188 1377 377 1413 uerum
417 1378 552 1429 quae
593 1359 766 1412 eidem
807 1357 1058 1427 aequalia
1098 1358 1242 1426 sunt,
1293 1355 1456 1408 etiam
1495 1353 1636 1406 inter
1676 1371 1733 1406 se

41 1449 286 1520 aequalia
326 1451 450 1501 sunt
489 1450 559 1515 [κ.
597 1449 711 1502 ἔνν.
756 1448 825 1514 1].
903 1462 1031 1516 ergo
1072 1445 1235 1498 etiam
1275 1448 1328 1497 A
1347 1447 1395 1496 A
1422 1469 1490 1487 =
1517 1445 1636 1496 ΒΓ.

151 1537 300 1608 Ergo
356 1537 422 1590 ad
469 1537 654 1590 datum
700 1538 975 1605 punctum.
1000 1539 1054 1588 A
1093 1534 1248 1587 datae
1288 1536 1468 1587 rectae
1507 1534 1616 1585 ΒΓ
1649 1548 1733 1584 ae-

41 1629 217 1699 qualis
267 1625 563 1680 constituta
609 1627 692 1677 est
729 1626 876 1677 recta
914 1626 1050 1692 AA3
1090 1622 1232 1692 quod
1273 1621 1564 1692 oportebat
1603 1620 1734 1674 fieri.

840 1756 938 1810 ΙΠ.

150 1847 310 1904 Datis
343 1847 550 1900 duabus
581 1846 745 1899 rectis
778 1845 1153 1915 inaequalibus
1186 1847 1389 1898 rectam
1422 1843 1618 1896 minori
1649 1861 1734 1896 ae-

39 1938 251 2007 qualem
291 1955 323 1990 a
361 1936 564 1989 maiore
605 1934 935 1988 abscindere.

151 2024 273 2079 Sint
311 2025 446 2080 duae
486 2025 642 2078 datae
673 2025 852 2076 rectae
887 2023 1198 2092 inaequales
1231 2026 1366 2091 ΑΒ,
1405 2023 1466 2091 Γ,
1505 2039 1731 2091 quarum

751 2112 925 2165 maior
963 2112 1035 2165 sit
1058 2115 1182 2164 AB.
1235 2114 1453 2181 oportet
1490 2110 1661 2180 igitur
1701 2129 1732 2163 a

229 2223 445 2229 ——-
746 2201 952 2254 maiore
978 2204 1085 2253 AB
1125 2201 1325 2254 minori
1365 2202 1419 2252 Γ
1450 2200 1731 2270 aequalem

96 2273 533 2476 'A'
744 2292 948 2344 rectam
989 2290 1315 2344 abscindere.
1370 2289 1734 2342 constituatur

539 2418 597 2465 E.
746 2380 815 2433 ad
847 2383 899 2432 A
936 2382 1197 2448 punctum
1237 2381 1415 2432 rectae
1454 2380 1507 2431 Γ
1541 2396 1733 2448 aequa-

279 2488 348 2536 Α
601 2484 665 2531 Β
743 2468 812 2521 lis
853 2473 971 2527 AA
1012 2471 1212 2538 [propr.
1232 2468 1334 2535 II]‚
1377 2470 1431 2520 et
1470 2469 1654 2520 centro
1680 2471 1734 2519 A

743 2557 896 2611 radio
962 2560 1141 2611 autem
1202 2561 1320 2610 ΑΔ
1394 2555 1731 2610 describatur

478 2629 526 2675 Ζ
752 2646 980 2700 circulus
1023 2651 1189 2700 ΔΕΖ
1231 2649 1360 2713 [aet.
1391 2646 1463 2712 2].

38 2760 88 2828 ξ’,
118 2763 174 2805 ut
201 2761 282 2806 lin.
316 2767 385 2806 21.
420 2766 490 2807 22.
613 2768 684 2810 22.
717 2762 831 2808 Post
861 2764 1040 2808 κείσθω
1071 2762 1122 2806 in
1151 2763 1188 2806 P
1221 2775 1360 2819 supra
1385 2776 1470 2806 scr.
1494 2776 1554 2807 m.
1576 2766 1598 2805 1
1625 2756 1730 2818 γάρ,

35 2819 159 2864 idem
195 2820 233 2864 V
264 2836 356 2878 mg.
449 2826 520 2866 23.
553 2822 668 2881 ΑΔ]
687 2822 806 2879 (alt.)
839 2822 887 2866 in
920 2822 1090 2876 ras.V;
1123 2822 1373 2879 utrumque
1406 2835 1521 2866 corr.
1555 2834 1610 2866 ex
1641 2822 1729 2863 AE

37 2877 75 2921 Ρ
104 2894 166 2923 m.
198 2893 290 2925 rec.
410 2885 481 2925 24.
523 2882 682 2940 AEZ]
715 2895 772 2927 ex
804 2884 928 2926 EZI
956 2881 992 2924 P
1024 2897 1082 2925 m.
1116 2895 1228 2935 rec.;
1263 2883 1401 2925 ZEA
1431 2881 1481 2925 B.
