1956 3074
106 997 161 1037 10

105 1498 160 1539 15

104 1943 161 1983 20

191 67 300 121 232
828 71 1165 114 ΣΤΟΙΧΕῙΩΝ
1194 69 1260 128 γ’.

189 189 256 259 τῇ
303 185 444 258 πρὸς
487 190 563 261 τῷ
604 193 652 243 Θ
703 194 826 258 ἴση·
887 187 1048 258 βάσις
1102 188 1212 261 ἄρα
1258 186 1292 260 ἡ
1333 194 1443 244 ΒΓ
1474 188 1633 260 βάσει
1671 192 1736 263 τῇ
1777 197 1883 246 ΕΖ

191 277 343 331 ἐστιν
382 282 490 347 ἴση.
550 276 644 331 καὶ
684 277 797 331 ἐπεὶ
839 283 932 347 ἴση
973 276 1124 332 ἐστὶν
1163 274 1198 347 ἡ
1237 278 1377 348 πρὸς
1407 282 1483 353 τῷ
1516 285 1569 333 Α
1599 283 1778 349 γωνία
1814 282 1881 352 τῇ

189 362 329 436 πρὸς
365 367 442 440 τῷ
476 370 549 435 Δ,
583 356 785 435 ὅμοιον
821 363 929 435 ἄρα
970 365 1084 420 ἐστὶ
1122 365 1184 421 τὸ
1211 372 1382 421 ΒΑΓ
1397 370 1582 438 τμῆμα
1612 371 1686 442 τῷ
1713 374 1884 423 ΕΔΖ

190 451 458 524 τμήματι·
497 457 596 507 καί
630 456 772 508 εἰσιν
813 454 899 508 ἐπὶ
941 460 1079 509 ἴσων
1120 451 1362 509 εὐθειῶν
1404 459 1538 524 [τῶν
1577 461 1698 526 ΒΓ,
1722 461 1849 525 ΕΖ]
1870 474 1883 486 ·

189 540 256 597 τὰ
306 541 369 597 δὲ
415 541 503 597 ἐπὶ
551 548 690 597 ἴσων
738 539 981 597 εὐθειῶν
1029 539 1194 612 ὅμοια
1239 542 1492 614 τμήματα
1529 543 1750 600 κύκλων
1790 551 1883 600 ἴσα

190 627 454 701 ἀλλήλοις
493 631 674 685 ἐστίν·
737 636 863 685 ἴσον
903 628 1013 701 ἄρα
1051 629 1114 685 τὸ
1157 635 1330 686 ΒΑΓ
1358 635 1543 703 τμῆμα
1582 636 1657 706 τῷ
1699 639 1882 688 ΕΔΖ.

192 723 306 774 ἔστι
345 717 409 774 δὲ
446 717 538 773 καὶ
580 716 709 783 ὅλος
749 715 779 773 ὁ
806 722 979 772 ΑΒΓ
993 717 1196 784 κύκλος
1235 717 1346 793 ὅλῳ
1387 723 1463 795 τῷ
1505 726 1673 775 ΔΕΖ
1697 721 1883 797 κύκλῳ

192 815 333 873 ἴσος·
395 806 560 877 λοιπὴ
608 805 719 878 ἄρα
764 804 798 877 ἡ
840 811 1014 862 ΒΚΓ
1054 807 1376 880 περιφέρεια
1426 811 1491 881 τῇ
1533 815 1698 864 ΕΛΖ
1736 829 1885 881 περι-

192 901 388 970 φερείᾳ
428 895 581 951 ἐστὶν
619 902 727 966 ἴση.

302 982 396 1040 Ἐν
436 981 547 1055 ἄρα
584 994 701 1049 τοῖς
733 990 875 1050 ἴσοις
906 983 1131 1050 κύκλοις
1163 987 1225 1039 αἱ
1254 991 1370 1040 ἴσαι
1401 990 1601 1056 γωνίαι
1634 987 1720 1042 ἐπὶ
1745 994 1887 1042 ἴσων

191 1075 559 1146 περιφερειῶν
598 1071 920 1144 βεβήκασιν,
962 1071 1062 1128 ἐάν
1102 1094 1158 1128 τε
1196 1071 1335 1145 πρὸς
1364 1085 1481 1139 τοῖς
1510 1075 1759 1147 κέντροις
1785 1075 1888 1131 ἐάν

190 1183 248 1218 τε
301 1159 440 1234 πρὸς
492 1171 612 1227 ταῖς
658 1165 1012 1233 περιφερείας
1060 1153 1164 1217 ὦσι
1210 1166 1523 1232 βεβηκυῖαι·
1596 1161 1730 1236 ὅπερ
1772 1166 1888 1219 ἔδει

193 1252 384 1317 δεῖξαι.
1880 1249 1883 1252 ’

981 1382 1088 1450 κζ’.

300 1484 400 1541 Ἐν
456 1496 595 1550 τοῖς
657 1475 828 1552 ἴσοις
882 1485 1152 1552 κύκλοις
1214 1489 1284 1541 αί
1337 1488 1438 1542 ἐπὶ
1494 1494 1656 1544 ἴσων
1706 1509 1885 1561 περι-

193 1577 478 1647 φερειῶν
514 1578 865 1646 βεβηκυῖαι
896 1580 1135 1646 γωνίαι
1169 1581 1306 1630 ἴσαι
1339 1574 1656 1648 ἀλλήλαις
1688 1581 1888 1648 εἰσίν,

194 1663 309 1720 ἐάν
361 1684 426 1719 τε
480 1661 642 1733 πρὸς
695 1674 833 1729 τοῖς
885 1665 1187 1737 κέντροις
1243 1663 1360 1720 ἐάν
1411 1686 1476 1720 τε
1530 1665 1689 1736 πρὸς
1744 1678 1887 1733 ταῖς

193 1757 649 1825 περιφερείαις
689 1745 809 1808 οἶσι
848 1757 1217 1826 βεβηκυῖαι.

300 1839 406 1897 Ἐν
445 1839 552 1912 γὰρ
594 1847 737 1906 ἴσοις
775 1841 1001 1906 κύκλοις
1037 1852 1152 1907 τοῖς
1192 1846 1369 1912 ΑΒΓ,
1411 1849 1466 1896 Δ
1478 1849 1581 1897 ΕΖ
1618 1844 1704 1899 ἐπὶ
1746 1851 1889 1900 ἴσων

192 1934 563 2003 περιφερειῶν
607 1932 721 1985 τῶν
760 1934 890 1999 ΒΓ,
946 1936 1049 1984 ΕΖ
1095 1928 1234 1999 πρὸς
1272 1929 1374 2001 μὲν
1412 1942 1529 1996 τοῖς
1566 1937 1641 1999 Η,
1681 1939 1728 1988 Θ
1765 1934 1887 1989 κέν-

191 2041 345 2092 τροις
381 2023 581 2090 γωνίαι
620 2019 1005 2089 βεβηκέτωσαν
1044 2020 1106 2073 αἰ
1140 2015 1249 2073 ὑπὸ
1290 2024 1476 2089 ΒΗΓ,
1534 2026 1709 2091 ΕΘΖ,
1749 2021 1891 2094 πρὸς

194 2108 258 2164 δὲ
294 2119 416 2173 ταῖς
452 2111 829 2179 περιφερείαις
860 2109 922 2161 αἱ
956 2105 1065 2163 ὑπὸ
1105 2111 1288 2176 ΒΑΓ,
1344 2114 1458 2162 ΕΔ
1470 2114 1543 2163 Ζ·
1597 2111 1758 2181 λέγω,
1801 2108 1887 2166 ὅτι

192 2195 228 2268 ἡ
267 2196 369 2268 μὲν
408 2193 518 2251 ὑπὸ
552 2200 727 2251 ΒΗΓ
751 2199 929 2266 γωνία
966 2198 1032 2268 τῇ
1072 2193 1184 2251 ὑπὸ
1218 2202 1376 2251 ΕΘΖ
1414 2198 1566 2252 ἐστιν
1605 2204 1714 2269 ἴση,
1755 2197 1788 2270 ἡ
1824 2199 1887 2254 δὲ

192 2282 305 2341 ὑπὸ
349 2288 521 2339 ΒΑΓ
551 2287 617 2357 τῇ
659 2282 767 2339 ὑπὸ
810 2290 979 2339 ΕΔΖ
1020 2286 1170 2340 ἐστιν
1211 2291 1317 2355 ἴση.

311 2432 501 2478 XXVII.
534 2432 723 2477 Boetius
754 2447 799 2489 p.
826 2437 927 2488 388,
945 2437 986 2479 5.

316 2573 355 2614 1.
387 2567 473 2627 τῷ]
509 2563 563 2611 τό
596 2566 645 2612 B.
768 2566 867 2624 ἴση]
900 2564 1004 2620 PV,
1035 2566 1071 2610 F
1102 2581 1162 2610 m.
1191 2571 1238 2620 13
1280 2562 1405 2610 ἐστιν
1439 2567 1513 2622 ἴση
1544 2566 1644 2624 Bp3
1682 2567 1758 2623 ἴση
1791 2564 1894 2612 ἐστί

192 2628 229 2671 F
259 2643 322 2671 m.
348 2631 387 2670 2.
512 2631 553 2671 2.
587 2626 672 2684 τῷ]
706 2622 758 2669 τό
791 2625 842 2670 Β.
964 2631 1004 2670 3.
1046 2625 1128 2685 τῷ]
1163 2625 1327 2682 (prius)
1358 2623 1412 2669 τό
1445 2624 1496 2669 Β.
1619 2621 1744 2670 ἐστίν
1773 2626 1823 2670 P.

197 2692 238 2731 4.
270 2686 364 2730 τῶν
397 2688 498 2743 ΒΓ,
531 2685 638 2743 ΕΖ]
670 2700 763 2742 mg.
795 2699 857 2730 m.
889 2697 980 2728 rec.
1013 2685 1063 2729 P.
1217 2688 1257 2728 5.
1290 2680 1348 2728 τὰ
1383 2682 1438 2728 δέ
1457 2709 1511 2716 -
1531 2679 1756 2744 εὐθειῶν]
1789 2701 1885 2743 mg.

194 2760 255 2789 m.
283 2751 307 2789 1
340 2745 390 2789 P.
545 2750 584 2788 6.
618 2745 778 2801 ΒΑΓ]
812 2742 903 2788 litt.
937 2746 1019 2786 BA
1052 2757 1077 2788 e
1110 2757 1225 2788 corr.
1257 2759 1303 2800 p.
1453 2742 1538 2801 τῷ]
1571 2744 1635 2787 τῶ
1668 2757 1763 2800 seq.
1795 2758 1885 2790 ras,

197 2810 220 2848 1
254 2805 346 2850 litt.
378 2804 428 2847 F.
552 2804 710 2861 ΕΔΖ]
743 2803 908 2847 mutat.
941 2803 991 2846 in
1024 2805 1162 2846 ΕΖΔ
1192 2817 1252 2846 m.
1279 2807 1305 2846 2
1338 2803 1393 2846 V.
1518 2807 1557 2846 7.
1593 2799 1717 2846 ἐστίν
1755 2802 1848 2848 ΡΒ.

196 2863 354 2921 ΔΕΖ]
398 2865 438 2906 Ε
476 2863 636 2907 insert.
676 2878 736 2908 m.
765 2867 787 2906 1
819 2862 877 2917 F;
934 2863 1073 2905 ΕΔΖ
1109 2860 1209 2918 Bp3
1265 2864 1405 2906 AEZ
1440 2876 1534 2918 mg.
1565 2877 1625 2906 m.
1652 2867 1678 2906 2
1705 2862 1763 2906 ·V.
