1956 3074
157 137 263 192 166
788 140 1126 184 ΣΤΟΙΧΕΙΩΝ
1156 136 1219 196 γ’.

149 255 327 314 αὐτοῦ
368 258 455 312 ἐπὶ
494 257 561 314 τὰ
602 259 813 332 πέρατα
851 262 949 330 τῆς
987 256 1228 331 εὐθείας,
1261 258 1305 331 ἥ
1345 261 1458 316 ἐστι
1497 259 1703 331 βάσις·
1730 265 1849 318 τοῦ

1914 0 1956 199 ’,1

1944 201 1956 220 ⁸.

1952 227 1956 235 .

148 345 506 418 τμήματος,
532 349 939 419 ἐπιζευχθῶσιν
965 345 1200 419 εὐθεῖαι,
1225 346 1260 420 ἡ
1286 350 1646 422 περιεχομένη
1672 355 1849 420 γωνία
1949 323 1956 417 s

149 430 261 490 ὑπὸ
301 437 416 491 τῶν
454 436 891 509 ἐπιζευχθεισῶν
930 434 1184 493 εὐθειῶν.

260 522 342 580 θ’.
393 521 558 580 Ὅταν
607 525 668 580 δὲ
716 527 777 579 αἱ
822 526 1175 598 περιέχουσαι
1222 526 1325 598 τὴν
1374 532 1588 599 γωνίαν
1628 526 1848 584 εὐθεῖαι

90 621 116 661 5
150 608 596 684 ἀπολαμβάνωσί
628 635 756 669 τινα
795 614 1179 686 περιφέρειαν,
1228 613 1318 670 ἐπ’
1377 617 1634 688 ἐκείνης
1671 617 1848 687 λέγε-

147 721 253 756 ται
290 702 653 772 βεβηκέναι
693 700 727 773 ἡ
769 707 961 773 γωνία.

262 788 321 844 ι’.
367 788 619 862 Τομεὺς
660 789 722 846 δὲ
762 790 1011 848 κύκλου
1051 793 1219 863 ἐστίν,
1263 790 1398 848 ὅταν
1438 791 1576 866 πρὸς
1612 797 1688 871 τῷ
1727 794 1847 851 κέν-

147 900 259 954 τρῳ
284 881 388 934 τοῦ
410 878 621 936 κύκλου
649 884 904 955 συσταθῇ
929 885 1125 953 γωνία,
1156 879 1220 937 τὸ
1245 882 1641 955 περιεχόμενον
1667 887 1850 956 σχῆμα

146 963 258 1023 ὑπό
297 989 355 1023 τε
394 970 507 1025 τῶν
545 967 650 1041 τὴν
690 974 907 1041 γωνίαν
946 972 1322 1043 περιεχουσῶν
1354 967 1598 1027 εὐθειῶν
1628 971 1721 1027 καὶ
1752 975 1848 1044 τῆς

60 1053 685 1130 10’ἆπολαμβανομένης
723 1055 822 1113 ὑπ’
867 1056 1055 1114 αὐτῶν
1094 1063 1456 1132 περιφερείας.

258 1145 358 1202 ια’.
403 1145 633 1219 Ὅμοια
672 1147 971 1220 τμήματα
1010 1147 1270 1204 κύκλων
1313 1149 1426 1204 ἐστὶ
1465 1148 1532 1204 τὰ
1574 1149 1846 1223 δεχόμενα

144 1239 351 1306 γωνίας
390 1241 531 1307 ἴσας,
570 1234 606 1308 ἥ
654 1238 715 1293 ἐν
757 1231 841 1303 οἷς
881 1240 942 1293 αἱ
977 1242 1176 1310 γωνίαι
1218 1245 1333 1293 ἴσαι
1373 1236 1638 1310 ἀλλήλαις
1685 1243 1844 1296 εἰσίν.

1004 1399 1017 1417 r

961 1423 995 1454 α
1024 1445 1034 1455 .

264 1506 393 1557 Τοῦ
434 1504 762 1568 δοθέντος
799 1503 1046 1559 κύκλου
1086 1502 1155 1559 τὸ
1197 1504 1478 1577 κέντρον
1519 1502 1756 1578 εἱ-ρεῖν.

58 1596 112 1637 15
240 1588 420 1647 ’Ἑστω
462 1589 491 1647 ὁ
534 1591 726 1658 δοθεὶς
769 1591 973 1658 κύκλος
1014 1589 1043 1647 ὁ
1083 1597 1278 1648 ΑΒΓ·
1320 1595 1408 1648 δεῖ
1445 1590 1514 1665 δὴ
1546 1596 1647 1649 τοῦ
1679 1599 1853 1650 ΑΒΓ

140 1678 352 1736 κύκλου
390 1679 452 1737 τὸ
492 1681 737 1755 κέντρον
778 1677 979 1755 εὑρεῖν.

256 1769 494 1842 Διήχθω
536 1793 618 1836 τις
657 1773 737 1836 εἰς
785 1767 988 1841 αὐτόν,
1029 1767 1105 1836 ῶς
1145 1774 1363 1843 ἔτυχεν,
1403 1768 1600 1827 εὐθεῖα
1639 1769 1674 1843 ἡ
1717 1778 1844 1844 ΑΒ,

141 1857 233 1912 καὶ
273 1857 565 1930 τετμήσθω
608 1862 739 1931 δίχα
778 1856 916 1913 κατὰ
955 1857 1018 1914 τὸ
1061 1865 1116 1914 Δ
1159 1870 1415 1931 σημεῖον,
1462 1860 1554 1915 καὶ
1595 1858 1703 1916 ἀπὸ
1742 1864 1844 1917 τοῦ

144 1952 200 2000 Λ
237 1948 302 2019 τῇ
343 1953 451 2003 ΑΒ
498 1946 638 2020 πρὸς
686 1945 869 2018 ὀρθὰς
915 1945 1074 2020 ἤχθω
1123 1945 1157 2019 ἡ
1208 1953 1326 2004 ΔΓ
1364 1948 1455 2004 καὶ
1504 1948 1721 2022 διήχθω
1756 1951 1844 2006 ἐπὶ

54 2042 111 2083 20
142 2032 205 2091 τὸ
231 2040 296 2105 Ε,
335 2036 428 2091 καὶ
467 2035 762 2108 τετμήσθω
803 2034 837 2108 ἡ
870 2041 977 2092 ΓΕ
1006 2040 1133 2108 δίχα
1171 2036 1308 2092 κατὰ
1350 2036 1412 2093 τὸ
1450 2044 1522 2093 Ζ·
1564 2039 1724 2109 λέγω,
1758 2036 1843 2094 ὅτι

141 2122 203 2179 τὸ
246 2129 291 2179 Ζ
330 2125 563 2198 κέντρον
605 2125 722 2180 ἐστὶ
766 2128 867 2181 τοῦ
906 2129 1082 2181 ΑΒΓ
1117 2124 1387 2196 [κύκλου].

253 2211 353 2283 Μὴ
402 2212 528 2286 γάρ,
576 2211 700 2269 ἀλλ’
756 2217 807 2269 εἰ
851 2213 1128 2285 δυνατόν,
1181 2218 1320 2271 ἔστω
1367 2213 1431 2272 τὸ
1470 2220 1554 2285 Η,
1593 2216 1686 2271 καὶ
1726 2217 1842 2272 ἐπε-

144 2300 469 2373 ζεύχθωσαν
518 2304 580 2357 αἱ
615 2308 758 2374 ΗΑ,
798 2308 946 2373 ΗΔ,
986 2308 1114 2359 ΗΒ.
1191 2304 1283 2359 καὶ
1324 2306 1439 2361 ἐπεὶ
1482 2313 1574 2376 ἴση
1615 2305 1765 2362 ἐστὶν
1805 2301 1839 2376 ἡ

141 2396 260 2444 ΑΔ
296 2393 369 2464 τῇ
411 2397 548 2462 ΔΒ,
596 2389 758 2463 κοινὴ
801 2391 862 2447 δὲ
902 2389 935 2463 ἡ
978 2397 1123 2463 ΔΗ,
1174 2395 1278 2448 δύο
1321 2392 1391 2465 δὴ
1431 2395 1494 2449 αἰ
1529 2401 1672 2464 ΑΔ,
1723 2399 1850 2448 ΔΗ

52 2485 108 2527 25
143 2478 248 2534 δύο
296 2490 417 2545 ταῖς
455 2486 602 2551 ΗΔ,
654 2486 764 2536 ΛΒ
813 2487 929 2536 ἴσαι
978 2480 1122 2537 εἰσὶν
1161 2482 1389 2556 ἑκατέρα
1429 2482 1686 2557 ἑκατέρᾳ·
1748 2482 1841 2538 καὶ

140 2567 303 2638 βάσις
341 2565 376 2639 ἡ
409 2573 475 2623 Η
477 2576 529 2623 Α
560 2567 720 2640 βάσει
759 2572 823 2642 τῇ
858 2575 969 2624 ΗΒ
1003 2571 1153 2625 ἐστιν
1195 2577 1315 2642 ἴση·
1356 2573 1414 2627 ἐκ
1451 2571 1687 2645 κέντρου
1710 2571 1840 2644 γάρ·

259 2714 362 2762 Def.
396 2721 436 2760 9.
469 2717 663 2762 Boetius
694 2732 741 2775 p.
768 2722 960 2773 379,10.
1146 2723 1214 2763 10.
1246 2718 1370 2764 Hero
1404 2719 1492 2764 def.
1520 2723 1589 2764 35.
1646 2718 1839 2774 Boetius

140 2790 184 2832 p.
212 2779 313 2832 379,
334 2781 402 2822 13.
528 2781 598 2822 11.
628 2775 755 2822 Hero
787 2776 877 2822 def.
907 2781 1005 2832 118,
1023 2781 1064 2822 2.
1129 2776 1397 2834 Simplicius
1428 2778 1478 2822 in
1508 2780 1640 2836 phys.
1667 2778 1747 2823 fol.
1769 2783 1838 2823 14.

140 2834 332 2879 Boetius
363 2850 406 2892 p.
433 2841 534 2892 379,
556 2841 624 2880 16.
777 2837 811 2881 Ι.
844 2836 1036 2881 Proclus
1070 2852 1114 2893 p.
1141 2841 1243 2893 302,
1261 2840 1301 2881 5.

263 2942 301 2983 1.
335 2933 385 2995 ἤ]
420 2938 524 2994 PF3
558 2933 659 2995 ἥτις
690 2937 836 2997 BVp.
986 2934 1110 2983 ἐστίν
1142 2938 1244 2984 BV.
1367 2943 1407 2984 5.
1441 2935 1839 2998 ἄπολαμβᾶνωσιν
