1956 3074
227 68 336 121 276
859 69 1193 112 ΣΤΟῙΧΕΙΩΝ
1223 65 1286 112 ε’.

324 185 506 242 ’Ἑστω
547 170 576 241 ὃ
620 185 814 251 δοθεὶς
850 185 1053 252 κύκλος
1092 183 1122 242 ὁ
1162 191 1346 258 ΑΒΓ,
1384 185 1448 243 τὸ
1491 186 1553 243 δὲ
1593 186 1769 243 δοθὲν
1807 191 1921 259 τρί-

226 298 416 346 γωνον
460 273 523 331 τὸ
567 280 766 330 ΔΕΖ·
829 278 918 331 δεῖ
961 273 1030 346 δὴ
1077 276 1201 347 περὶ
1251 274 1353 331 τὸν
1394 281 1566 332 ΑΒΓ
1595 275 1806 332 κύκλον
1844 278 1919 350 τῷ

230 371 399 420 ΔΕΖ
438 363 722 439 τριγώνῳ”
740 363 1044 434 ἰσογώνιον
1081 369 1359 435 τρίγωνον
1397 364 1751 437 περιγράψαι.

336 450 728 523 Ἐκβεβλήσθω
782 449 817 522 ἡ
864 458 969 506 ΕΖ
1031 449 1119 522 ἐφ’
1172 450 1402 523 ἑκάτερα
1464 451 1531 507 τὰ
1595 454 1731 524 μέρη
1786 453 1922 507 κατὰ

171 552 197 592 5
230 541 295 598 τὰ
321 547 397 611 Η,
430 547 478 596 Θ
501 551 718 611 σημεῖα,
749 539 842 610 καὶ
867 539 1123 610 εἰλήφθω
1148 543 1249 594 τοῦ
1274 545 1444 595 ΑΒΓ
1458 540 1668 596 κύκλου
1690 542 1925 613 κέντρον

227 629 290 686 τὸ
322 635 395 699 Κ,
435 630 528 684 καὶ
562 627 796 700 διήχθω,
836 625 911 693 ὡς
942 632 1151 699 ἔτυχεν,
1185 625 1380 683 εὐθεῖα
1412 626 1446 699 ἡ
1480 634 1608 699 ΚΒ,
1641 629 1733 684 καὶ
1767 645 1924 684 συνε-

230 717 409 773 στάτω
450 716 590 790 πρὸς
626 720 693 789 τῇ
725 722 835 772 ΚΒ
876 713 1073 790 εὐθείᾳ
1111 716 1203 771 καὶ
1241 719 1318 792 τῷ
1357 717 1498 789 πρὸς
1536 714 1676 791 αὐτῇ
1717 721 1923 792 σημείῳ

228 810 304 881 τῷ
346 812 402 861 Κ
437 808 504 878 τῇ
545 804 647 876 μὲν
686 803 797 860 ὑπὸ
841 810 1025 860 ΔΕΗ
1062 809 1242 878 γωνίᾳ
1282 811 1373 876 ἴση
1413 802 1447 875 ἡ
1488 802 1598 861 ὑπὸ
1631 811 1821 875 ΒΚΑ,
1859 808 1925 878 τῇ

230 894 293 950 δὲ
323 892 433 949 ὑπὸ
475 899 634 949 ΔΖΘ
659 899 752 964 ἴση
791 891 826 964 ἡ
866 890 975 948 ὑπὸ
1016 898 1202 963 ΒΚΓ,
1246 894 1339 948 καὶ
1380 892 1474 949 διὰ
1511 897 1625 949 τῶν
1650 902 1727 964 Α,
1767 900 1840 964 Β,
1881 898 1934 949 Γ

142 994 198 1034 10
232 987 476 1055 σημείων
527 981 799 1054 ἤχθωσαν
846 980 1222 1052 ἐφαπτόμεναι
1275 985 1375 1037 τοῦ
1418 987 1589 1037 ΑΒΓ
1621 981 1830 1037 κύκλου
1869 984 1930 1036 αἱ

232 1076 438 1142 ΛΑΜ,
481 1075 689 1140 ΜΒΝ,
730 1074 910 1125 ΝΓΛ.

341 1158 456 1215 Καὶ
511 1159 626 1215 ἐπεὶ
682 1157 1023 1229 ἐφάπτονται
1076 1162 1179 1213 τοῦ
1218 1163 1389 1214 ΑΒΓ
1430 1158 1640 1215 κύκλου
1687 1161 1748 1214 αἱ
1784 1165 1926 1229 ΛΜ,

231 1254 388 1317 ΜΝ,
434 1253 552 1303 ΝΛ
590 1245 727 1302 κατὰ
769 1244 835 1301 τὰ
875 1253 954 1315 Α,
1001 1252 1074 1315 Β,
1115 1250 1169 1301 Γ
1208 1257 1431 1317 σημεῖα,
1481 1246 1591 1303 ἀπὸ
1633 1248 1695 1303 δὲ
1731 1255 1834 1303 τοῦ
1874 1253 1929 1302 Κ

230 1339 467 1409 κέντρου
514 1336 602 1391 ἐπὶ
649 1334 715 1390 τὰ
764 1342 842 1405 Α,
899 1341 969 1404 Β,
1024 1338 1078 1389 Γ
1122 1346 1320 1405 σημεῖα
1360 1337 1746 1407 ἐπεζευγμέναι
1786 1335 1928 1390 εἰσὶν

146 1435 200 1476 15
235 1428 296 1481 αἱ
324 1431 457 1495 ΚΑ,
498 1430 627 1494 ΚΒ,
666 1427 797 1497 ΚΓ,
830 1421 1003 1495 ὀρθαὶ
1035 1421 1146 1495 ἄρα
1178 1424 1323 1480 εἰσὶν
1354 1426 1417 1479 αἰ
1442 1423 1582 1495 πρὸς
1612 1434 1729 1489 τοῖς
1759 1430 1830 1494 Α,
1862 1429 1928 1494 Β,

233 1519 281 1570 Γ
319 1518 566 1585 σημείοις
604 1517 820 1584 γωνίαι.
891 1512 984 1567 καὶ
1024 1511 1138 1568 ἐπεὶ
1178 1516 1279 1568 τοῦ
1321 1517 1573 1568 ΑΜΒΚ
1605 1511 1929 1585 τετραπλεύ-

234 1625 340 1675 ρου
394 1604 456 1657 αἱ
496 1602 757 1674 τέσσαρες
802 1605 1003 1672 γωνίαι
1048 1602 1304 1674 τέτρασιν
1351 1598 1550 1673 ὀρθαῖς
1596 1608 1712 1657 ἴσαι
1766 1604 1929 1671 εἰσίν,

236 1693 528 1763 ἐπειδήπερ
567 1691 658 1746 καὶ
700 1694 778 1756 εἰς
818 1690 924 1746 δύο
964 1694 1210 1762 τρίγωνα
1242 1694 1536 1762 διαιρεῖται
1567 1689 1630 1746 τὸ
1663 1695 1930 1759 ΑΜΒΚ,

234 1785 331 1835 καί
366 1783 510 1835 εἰσιν
550 1777 723 1850 ὀρθαὶ
763 1782 826 1834 αἰ
859 1777 970 1835 ὑπὸ
1006 1784 1217 1849 ΚΑΜ,
1256 1784 1452 1834 ΚΒΜ
1480 1784 1700 1849 γωνίαι,
1739 1777 1928 1834 λοιπαὶ

148 1879 204 1921 20
237 1867 346 1941 ἄρα
401 1871 462 1923 αἱ
503 1866 613 1923 ὑπὸ
662 1873 861 1938 ΑΚΒ,
916 1872 1100 1922 ΑΜΒ
1148 1867 1314 1923 δυσὶν
1361 1865 1562 1939 ὀρθαῖς
1609 1874 1724 1922 ἴσαι
1771 1870 1930 1922 εἰσίν.

236 1958 344 2013 εἰσὶ
385 1956 447 2012 δὲ
485 1956 577 2011 καὶ
618 1958 680 2011 αἱ
714 1954 824 2011 ὑπὸ
866 1960 1070 2025 ΔΕΗ,
1123 1960 1291 2010 ΔΕΖ
1338 1954 1506 2010 δυσὶν
1544 1953 1746 2028 ὀρθαῖς
1784 1962 1930 2010 ἴσαι·

238 2048 300 2101 αἱ
350 2044 461 2116 ἄρα
514 2041 624 2099 ὑπὸ
678 2047 875 2113 ΑΚΒ,
927 2047 1108 2097 ΑΜΒ
1163 2052 1283 2108 ταῖς
1338 2040 1450 2097 ὑπὸ
1509 2048 1706 2112 ΔΕΗ,
1763 2048 1930 2097 ΔΕΖ

239 2141 354 2189 ἶσαι
395 2136 556 2203 εἰσίν,
608 2124 689 2187 ὧν
729 2129 763 2202 ἡ
802 2127 914 2185 ὑπὸ
947 2136 999 2184 A
1009 2135 1118 2184 ΚΒ
1150 2134 1216 2203 τῇ
1255 2128 1364 2186 ὑπὸ
1407 2136 1594 2186 ΔΕΗ
1625 2133 1774 2187 ἐστιν
1815 2139 1930 2202 ἴση·

238 2219 403 2292 λοιπὴ
459 2220 569 2292 ἄρα
614 2217 648 2290 ἡ
696 2217 807 2274 ὑπὸ
855 2223 1037 2272 ΑΜΒ
1077 2221 1243 2290 λοιπῇ
1289 2222 1355 2292 τῇ
1401 2217 1513 2275 ὑπὸ
1563 2226 1730 2275 ΔΕΖ
1781 2221 1933 2275 ἐστιν

150 2321 208 2362 25
241 2316 349 2380 ἴση.
428 2306 634 2379 ὁμοίως
681 2306 750 2378 δὴ
802 2305 1179 2378 δειχθήσεται,
1235 2304 1318 2362 ὅτι
1373 2307 1464 2362 καὶ
1513 2305 1545 2378 ἡ
1595 2305 1706 2364 ὑπὸ
1757 2313 1928 2363 ΛΝΒ

363 2447 401 2485 1.
435 2438 511 2498 δέ]
545 2454 635 2484 om.
667 2455 712 2497 p,
746 2453 884 2497 supra
915 2439 964 2483 F.
1115 2444 1156 2483 4.
1191 2436 1332 2498 κατά]
1365 2440 1553 2498 PBFp;
1587 2436 1669 2485 ἐπί
1696 2440 1750 2485 V.
1888 2446 1930 2486 5.

242 2498 1202 2557 H‚(9inra‚s.P;Hinras...m2V
1349 2503 1508 2544 6.KB
1565 2499 1733 2545 BKF.
1889 2504 1930 2544 8.

242 2563 375 2603 BKA
428 2559 518 2602 litt..
553 2562 640 2602 KA
672 2557 721 2602 in
752 2572 841 2602 ras.
873 2571 934 2601 m.
960 2562 986 2601 2
1019 2557 1074 2602 V.
1167 2562 1207 2602 9.
1244 2558 1338 2616 ἴση]
1370 2573 1430 2603 m.
1458 2565 1484 2603 2
1690 2564 1758 2604 13
1792 2559 1931 2618 MN]

243 2621 296 2662 N
325 2618 430 2663 add.
464 2633 525 2661 m.
552 2622 578 2661 2
611 2619 718 2674 post
749 2630 835 2661 ras.
868 2615 923 2659 V.
1047 2616 1165 2688 NA]
1198 2621 1237 2661 A
1269 2617 1376 2661 add.
1409 2633 1469 2663 m
1496 2623 1523 2661 2
1555 2620 1663 2674 post
1692 2631 1781 2665 ras
1813 2617 1869 2661 V.

242 2691 380 2780 ἕψει
369 2675 973 2810 ϊαέιὲεῃῖτῖἓζξιγμέῗαιῗέις
1007 2730 1085 2779 ἔπι
1088 2671 1410 2806 ζζῖξντῇῗεῖἓῗ
1432 2682 1607 2792 {lessp
1612 2677 1814 2780 ,σημεῗξέ
1850 2677 1938 2780 ἓξὲξ

245 2793 334 2839 εἰσὶ
320 2812 364 2839 ιν
397 2791 546 2852 ὄρθαι
530 2794 574 2866 ί]
615 2794 673 2848 Ρ;
721 2789 1080 2867 τετράπλευρον,
1112 2786 1178 2837 ὧν
1211 2793 1374 2839 Theon
1407 2795 1579 2850 (BFV3
1628 2809 1741 2840 corr.
1774 2809 1830 2839 ex
1861 2810 1931 2839 τε·

243 2851 484 2910 τράγωνον
518 2846 583 2896 ὧν
614 2868 674 2897 m.
704 2858 725 2896 1
759 2854 822 2909 p).
975 2850 1051 2910 αἴ]
1093 2867 1231 2909 supra
1263 2868 1322 2897 m.
1353 2858 1374 2897 1
1408 2853 1457 2897 P.
1601 2857 1756 2898 MAK
1790 2853 1838 2898 P
