1956 3074
100 1065 157 1105 10

100 1505 155 1546 15

99 1947 157 1988 20

186 50 297 104 284
817 50 1155 95 mmmmm
1186 49 1251 96 δ’.

186 176 296 225 ΑΖ
344 171 493 225 ἐστιν
541 176 663 240 ἴση·
719 167 860 225 ὥστε
896 169 990 224 καὶ
1029 169 1063 241 ἡ
1101 176 1203 225 ΒΖ
1241 173 1308 243 τῇ
1350 175 1458 226 ΖΓ
1490 172 1640 226 ἐστιν
1681 177 1796 242 ἴση·
1852 169 1881 226 ὁ

186 256 296 329 ἄρα
360 257 574 327 [πάλιν]
629 259 839 332 κέντρῳ
893 261 968 332 τῷ
1028 264 1072 312 Ζ
1128 257 1456 329 διαστήματι
1512 258 1575 314 δὲ
1629 260 1715 314 ἑνὶ
1767 262 1879 316 τῶν

189 351 309 417 ZA‚
349 351 470 417 ΖΒ,
503 351 610 402 ΖΓ
637 345 838 410 κύκλος
863 345 1219 416 γραφόμενος
1256 344 1375 417 ῆξει
1397 346 1490 401 καὶ
1515 345 1608 402 διὰ
1634 350 1751 403 τῶν
1773 353 1882 403 λοι·

186 437 309 490 πῶν
349 439 612 505 σημείων,
650 433 744 488 καὶ
776 437 929 488 ἔσται
954 435 1458 507 περιγεγραμμένος
1481 435 1605 506 περὶ
1629 434 1692 491 τὸ
1719 441 1892 491 ΑΒΓ

190 527 481 595 τρύγωνον.

300 611 444 683 Περὶ
475 608 539 665 τὸ
573 609 750 666 δοθὲν
775 609 886 682 ἄρα
909 614 1188 682 τρίγωνον
1211 610 1414 677 κύκλος
1435 613 1885 685 περιγέγραπται·

188 698 324 772 ὅπερ
357 703 471 755 ἔδει
509 702 753 770 ποιῆσαι.

844 859 1218 932 [Πόρισμα.]

299 965 413 1020 Καὶ
470 963 748 1037 φανερόν,
806 962 914 1034 ὅτι,
971 961 1061 1019 ὅτε
1114 963 1217 1035 μὲν
1264 964 1420 1030 ἐντὸς
1465 969 1568 1021 τοῦ
1605 964 1885 1038 τριγώνου

187 1058 370 1110 πίπτει
408 1054 470 1110 τὸ
512 1054 745 1125 κέντρον
783 1059 885 1108 τοῦ
924 1050 1152 1121 κύκλου,
1193 1050 1226 1123 ἡ
1266 1049 1375 1108 ὑπὸ
1411 1058 1584 1109 ΒΑΓ
1610 1057 1789 1123 γωνία
1822 1055 1882 1109 ἐν

188 1146 397 1213 μείζονι
443 1142 681 1214 τμήματι
727 1143 829 1196 τοῦ
868 1137 1202 1211 ἡμικυκλίου
1239 1141 1595 1213 τυγχάνουσα
1635 1141 1877 1197 ἐλάττων

189 1231 340 1286 ἐστὶν
380 1228 588 1302 ὀρθῆς·
648 1228 739 1285 ὅτε
779 1227 841 1283 δὲ
882 1227 969 1282 ἐπὶ
1007 1230 1105 1298 τῆς
1144 1233 1253 1283 ΒΓ
1286 1227 1510 1294 εὐθείας
1547 1227 1609 1284 τὸ
1647 1231 1882 1302 κέντρον

187 1323 389 1389 πίπτει,
441 1315 475 1388 ἡ
515 1315 623 1372 ὑπὸ
664 1320 837 1371 ΒΑΓ
867 1319 1044 1386 γωνία
1085 1316 1146 1370 ἐν
1185 1313 1489 1391 ἡμικυκλίῳ
1528 1316 1882 1389 τυγχάνουσα

190 1403 339 1479 ὀρθή
396 1407 577 1462 ἐστιν·
649 1403 739 1460 ὅτε
798 1403 859 1459 δὲ
910 1402 974 1459 τὸ
1028 1404 1265 1475 κέντρον
1318 1406 1421 1460 τοῦ
1474 1403 1684 1460 κύκλου
1730 1405 1885 1472 ἐκτὸς

187 1498 288 1550 τοῦ
335 1493 613 1567 τριγώνου
658 1499 867 1563 πίπτει,
915 1489 949 1564 ἡ
996 1489 1105 1548 ὑπὸ
1146 1498 1318 1548 ΒΑΓ
1359 1494 1419 1549 έν
1460 1493 1712 1550 ἐλάττονι
1750 1493 1882 1566 τμή-

187 1605 316 1655 ματι
355 1587 457 1639 τοί
498 1580 830 1655 ἡμικυκλίου
869 1579 1226 1652 τυγχάνουσα
1265 1586 1465 1652 μείζων
1506 1581 1655 1637 ἐστὶν
1688 1581 1883 1655 ὀρθῆς.

190 1669 353 1740 [ὥστε
399 1672 492 1726 καὶ
543 1669 679 1727 ὅταν
728 1669 970 1726 ἐλάττων
1017 1667 1196 1741 ὀρθῆς
1242 1669 1488 1743 τυγχάνῃ
1536 1667 1570 1740 ἡ
1612 1671 1880 1742 διδομένη

187 1765 393 1831 γωνία,
449 1757 606 1824 ἐντὸς
651 1761 754 1814 τοῦ
799 1756 1080 1830 τριγώνου
1118 1761 1420 1814 πεσοῦνται
1470 1761 1532 1812 αἱ
1570 1764 1704 1828 ΛΖ,
1759 1765 1881 1828 ΕΖ,

189 1846 326 1903 ὅταν
374 1847 436 1902 δὲ
485 1845 659 1918 ὀρθή,
717 1845 804 1901 ἐπὶ
842 1850 939 1918 τῆς
978 1851 1110 1916 ΒΓ,
1167 1844 1302 1902 ὅταν
1343 1846 1405 1902 δὲ
1444 1851 1642 1918 μείζων
1683 1843 1880 1919 ὀρθῆς,

191 1934 345 2002 ἐκτὸς
383 1939 479 2007 τῆς
518 1940 650 1991 ΒΓ·
693 1933 829 2007 ὅπερ
870 1939 982 1991 ἔδει
1022 1938 1289 2006 ποιῆσαι.]

1002 2096 1071 2155 ς’.

300 2205 417 2267 Εἰς
471 2199 587 2256 τὸν
648 2201 939 2255 δοθέντα
993 2200 1237 2256 κύκλον
1299 2200 1719 2274 τετράγωνον
1782 2204 1882 2273 ἐγ-

189 2289 453 2363 γράψαμ

310 2453 385 2496 VI.
420 2450 613 2497 Boetius
645 2466 690 2508 p.
716 2453 818 2507 389,
835 2456 877 2495 3.

311 2604 348 2642 1.
382 2598 484 2664 AZ]
518 2597 568 2641 in
598 2611 687 2643 ras,
722 2613 780 2642 m.
804 2602 833 2642 2
867 2598 920 2644 V.
1051 2599 1154 2656 BZ]
1189 2601 1268 2643 ZB
1301 2598 1351 2644 P.
1475 2599 1588 2657 ΖΓ]
1624 2601 1709 2643 ΓΖ
1741 2598 1881 2656 BFp.

188 2658 303 2702 Post
341 2659 416 2713 ἴση
457 2672 506 2700 m
538 2656 574 2700 F
606 2657 763 2702 insert.
795 2657 846 2700 in
877 2671 965 2701 ras.
1000 2655 1055 2701 αἰ
1082 2663 1204 2714 τρεῖς
1234 2654 1327 2716 ἄρα
1362 2659 1459 2702 ἴσαι
1488 2654 1708 2714 ἀλλήλαις
1740 2656 1881 2713 εἰσίτς

187 2717 313 2761 idem
344 2717 381 2760 B
421 2731 515 2773 mg.
548 2731 608 2760 m.
642 2730 732 2760 rec.
855 2721 896 2760 2.
936 2713 1099 2774 πάλιν]
1139 2730 1231 2761 om.
1261 2716 1314 2761 P.
1437 2722 1477 2762 5.
1510 2717 1625 2762 Post
1652 2718 1880 2773 τρίγωνον

188 2774 352 2821 Theon
382 2775 488 2820 add.
512 2771 884 2831 περιγεγράφθω
902 2770 964 2826 ὡς
981 2772 1007 2820 ὁ
1025 2777 1164 2820 ΑΒΓ
1190 2776 1403 2833 (BFVp;
1435 2772 1696 2833 γεγράφθω
1714 2776 1749 2820 F
1764 2781 1880 2828 m.l‚

188 2849 241 2891 p3
274 2834 354 2877 καὶ
387 2830 647 2890 γεγράφθω
682 2834 736 2890 V,
769 2832 805 2876 F
828 2839 956 2888 m.2;
989 2830 1018 2891 ἡ
1052 2837 1191 2878 ΑΒΓ
1216 2835 1274 2892 F,
1307 2849 1420 2881 corr.
1455 2850 1516 2880 m.
1542 2837 1603 2892 2).
1726 2840 1767 2880 8.
1797 2831 1881 2878 πό-
