1956 3074
254 97 291 149 4
886 66 1222 141 ΣΤοΙΧΕῙῼΝ
1253 67 1320 143 α’.

254 218 377 286 εξῆς
423 219 629 286 γωνίας
676 223 799 281 ἴσας
845 213 1111 286 ἀλλήλαις
1155 224 1314 288 ποιῇ,
1371 211 1518 287 ὀρθὴ
1566 216 1795 287 ἑκατέρα
1831 221 1945 273 τῶν

256 311 396 360 ἴσων
434 307 659 374 γωνιῶν
700 306 840 374 ἐστι,
894 304 988 358 καὶ
1026 301 1061 374 ἡ
1102 305 1436 375 ἐφεστηκυῖα
1474 302 1671 360 εὐθεῖα
1708 304 1947 372 κάθετος

253 399 518 463 καλεῖται,
560 389 648 463 ἐφ’
676 389 749 463 ἣν
790 392 1106 462 ἐφέστηκεν.

368 481 470 537 ια’.
528 480 785 552 Ἀμβλεϊα
824 487 1002 551 γωνία
1042 481 1193 535 ἐστὶν
1232 478 1266 551 ἡ
1307 485 1506 552 μείζων
1546 479 1737 554 ὀρθῆς.

198 580 225 620 5
369 568 470 639 ιβ’.
528 567 700 635 Ὀξεῖα
741 569 804 624 δὲ
842 566 875 639 ἡ
918 568 1170 623 ἐλάσσων
1211 567 1405 640 ὀρθῆς.

369 657 470 727 ιγ’.
518 655 681 729 Ὅρος
722 659 891 727 ἐστίν,
933 655 965 712 ὅ
1003 656 1156 722 τινός
1195 659 1308 713 ἐστι
1347 658 1531 729 πέρας.

369 745 470 801 ιδ’.
543 745 743 817 Σχῆμά
805 747 919 801 ἐστι
980 743 1044 801 τὸ
1102 743 1212 802 ὑπό
1270 767 1423 811 τινος
1478 744 1515 817 ἥ
1573 767 1744 801 τινων
1796 744 1947 819 ὅρων

256 831 666 906 περιεχόμενον.

370 922 463 977 ιε’.
532 921 756 987 Κύκλος
795 922 911 978 ἐστὶ
950 926 1132 995 σχῆμα
1172 925 1436 979 ἐπίπεδον
1478 920 1587 979 ὑπὸ
1601 928 1748 995 ’μιᾶς
1776 947 1948 998 γραμ-

171 1022 227 1063 10
258 1014 364 1085 μῆς
415 1009 811 1084 περιεχόμενον
868 1008 924 1083 [ἢ
971 1017 1216 1067 καλεῖται
1262 1013 1638 1084 περιφέρεια],
1693 1012 1831 1087 πρὸς
1876 1011 1948 1085 ἣν

258 1097 358 1172 ἀφ’
402 1099 530 1165 ἑνὸς
576 1104 809 1171 σημείου
854 1103 968 1155 τῶν
1015 1099 1171 1166 ἐντὸς
1215 1104 1317 1157 τοῦ
1365 1100 1640 1173 σχήματος
1678 1103 1948 1173 κειμένων

257 1179 432 1245 πᾶσαί
480 1190 543 1243 αἱ
587 1195 1036 1260 προσπίπτουσαι
1085 1187 1305 1245 εὐθεῖαι
1357 1188 1520 1263 [πρὸς
1564 1188 1668 1262 τὴν
1713 1194 1815 1246 τοῦ
1852 1189 1947 1247 κύ-

258 1283 396 1335 κλου
434 1278 814 1349 περιφέρειαν]
858 1284 973 1332 ἴσαι
1012 1275 1278 1350 ἀλλήλαις
1315 1282 1472 1335 εἰσίν.

372 1366 470 1425 ις’.
532 1367 789 1439 Κέντρον
832 1365 894 1422 δὲ
932 1368 1034 1422 τοῦ
1073 1366 1284 1423 κύκλου
1320 1366 1384 1423 τὸ
1427 1378 1659 1439 σημεῖον
1689 1374 1948 1425 καλεῖται.

171 1466 226 1506 15
371 1455 462 1523 ιζ’.
525 1454 841 1528 Διάμετρος
894 1454 957 1510 δὲ
1009 1458 1110 1510 τοῦ
1160 1454 1370 1512 κύκλου
1420 1456 1570 1511 ἐστὶν
1621 1454 1817 1511 εὐθεῖά
1869 1476 1950 1522 τις

258 1544 353 1601 διὰ
392 1548 493 1601 τοῦ
532 1545 768 1617 κέντρου
806 1541 1017 1614 ἠγμένη
1057 1544 1148 1598 καὶ
1184 1545 1566 1616 περατουμένη
1600 1542 1690 1615 ἐφ’
1722 1543 1950 1617 ἑκάτερα

256 1631 324 1689 τὰ
372 1634 509 1705 μέρη
555 1631 667 1689 ὑπὸ
716 1637 814 1705 τῆς
858 1635 960 1688 τοῦ
1007 1631 1217 1689 κύκλου
1262 1638 1638 1705 περιφερείας,
1694 1630 1813 1704 ἥτις
1857 1633 1948 1688 καὶ

258 1726 387 1794 δίχα
424 1722 609 1793 τέμνει
648 1720 748 1778 τὸν
787 1721 1011 1778 κύκλον.

370 1810 473 1882 ιη’.
529 1808 892 1882 “Ημικύκλιον
947 1810 1014 1864 δέ
1057 1811 1171 1865 ἐστι
1217 1807 1279 1864 τὸ
1326 1808 1722 1882 περιεχόμενον
1768 1813 1951 1882 σχῆμα

167 1910 225 1951 20
256 1897 367 1955 ὑπό
415 1921 473 1955 τε
519 1902 617 1970 τῆς
665 1899 968 1970 διαμέτρου
1012 1897 1104 1952 καὶ
1143 1900 1240 1968 τῆς
1278 1895 1814 1971 ἀπολαμβανομένης
1851 1896 1945 1954 ὑπ’

382 2126 448 2165 11.
480 2121 606 2166 Hero
638 2120 730 2165 def.
755 2125 826 2164 21.
868 2119 1141 2164 Ammonius
1172 2119 1222 2163 in
1247 2121 1396 2177 categ.
1422 2135 1467 2177 p.
1494 2124 1563 2166 58.
1604 2119 1786 2165 Psellus
1816 2136 1860 2178 p.
1880 2125 1950 2166 36.

258 2180 516 2225 Martianus
548 2179 740 2238 Capella
763 2179 842 2235 VI,
862 2184 961 2225 710.
994 2179 1184 2224 Boetius
1215 2194 1260 2236 p.
1285 2184 1388 2236 374,
1408 2184 1477 2224 18.
1602 2183 1670 2224 12.
1703 2179 1827 2224 Hero
1860 2179 1950 2224 def.

259 2245 331 2286 20.
363 2239 636 2284 Ammonius
666 2240 699 2285 l.
725 2253 763 2283 e.
796 2239 978 2283 Psellus
1010 2238 1041 2282 1.
1069 2253 1106 2283 o.
1140 2238 1398 2283 Martianus
1424 2238 1617 2295 Capella
1640 2238 1670 2282 l.
1690 2253 1726 2283 e.
1761 2238 1952 2284 Boetius

259 2314 306 2356 p.
332 2304 435 2355 374,
457 2304 523 2344 19.
709 2303 778 2343 13.
819 2297 1109 2354 Philoponus
1147 2297 1197 2342 in
1227 2297 1420 2344 Aristot.
1461 2298 1518 2342 de
1558 2297 1714 2343 anima
1745 2296 1825 2343 fol.
1858 2312 1887 2342 a
1910 2303 1951 2342 2.

257 2358 519 2403 Martianus
552 2358 748 2415 Capella
771 2357 850 2413 VI,
869 2361 966 2401 710.
1002 2356 1190 2402 Boetius
1220 2372 1265 2414 p.
1292 2362 1394 2412 374,
1407 2362 1479 2402 22.
1604 2361 1671 2402 14.
1703 2357 1827 2403 Hero
1860 2357 1951 2402 def.

259 2422 332 2462 25.
366 2417 518 2463 Schol.
552 2417 602 2461 in
633 2417 851 2474 Hermog.
884 2415 997 2460 V11²
1027 2431 1073 2472 p.
1099 2421 1199 2461 903.
1248 2417 1330 2461 cfr.
1362 2415 1545 2473 Philop.
1579 2416 1639 2460 ad
1668 2415 1860 2462 Aristot.
1895 2416 1952 2461 de

260 2477 400 2522 anim.
431 2476 477 2522 h.
506 2482 546 2522 7.
598 2476 858 2521 Martianus
891 2474 1085 2532 Capella
1107 2475 1184 2529 Ἦ,
1205 2481 1304 2522 710.
1353 2475 1540 2520 Boetius
1570 2490 1615 2532 p.
1641 2480 1742 2527 374,
1761 2481 1831 2519 21.

261 2539 331 2580 15.
363 2535 487 2580 Hero
520 2534 611 2581 def.
637 2541 706 2581 29.
743 2536 924 2579 Taurus
957 2532 1097 2591 apud*
1112 2534 1296 2592 Philop.
1330 2533 1379 2579 in
1410 2535 1628 2579 Proclum
1645 2534 1810 2590 V1,21.
1844 2534 1951 2579 Sex-

258 2596 336 2639 tus
368 2595 502 2652 Emp.
535 2610 580 2651 p.
609 2600 708 2651 719,
729 2599 797 2639 16.
837 2593 1086 2651 Philopon.
1117 2593 1168 2637 in
1199 2594 1320 2639 anal.
1354 2593 1399 2638 ΙΙ
1429 2593 1508 2639 fol.
1535 2598 1631 2649 28³3
1665 2594 1748 2638 cfr.
1779 2593 1858 2639 fol.
1884 2599 1951 2647 4',

261 2659 327 2710 9³⁷,
361 2659 453 2711 291,
485 2659 575 2698 531.
620 2654 797 2699 Psellus
828 2669 872 2710 p.
899 2657 970 2697 38.
1017 2652 1276 2698 Martianus
1310 2651 1504 2711 Capella
1525 2653 1604 2709 VI,
1624 2657 1722 2698 710.
1761 2652 1951 2697 Boetius

259 2728 303 2770 p.
331 2718 491 2768 375,3.
617 2719 685 2758 16.
719 2713 899 2758 Psellus
931 2727 976 2769 p.
1002 2716 1073 2758 38.
1108 2712 1365 2757 Martianus
1397 2711 1589 2769 Capella
1612 2711 1689 2767 VI,
1708 2716 1805 2756 711.
1839 2711 1953 2756 Boe-

259 2771 354 2816 tius
384 2787 428 2829 p.
456 2778 558 2828 375,
576 2779 616 2818 6.
800 2776 871 2816 17.
905 2772 1027 2816 Hero
1060 2771 1150 2816 def.
1177 2777 1245 2816 30.
1294 2771 1475 2816 Psellus
1506 2787 1550 2828 p.
1577 2775 1647 2816 38.
1694 2769 1952 2815 Martianus

260 2829 452 2888 Capella
482 2831 560 2886 VI,
581 2837 681 2877 711.
730 2831 925 2877 Boetius
957 2846 1001 2888 p.
1029 2835 1130 2888 375,
1151 2836 1190 2877 7.
1323 2834 1392 2875 18.
1423 2831 1547 2875 Hero
1581 2830 1670 2875 def.
1697 2835 1767 2875 31.
1814 2829 1951 2875 Mart.

262 2887 455 2946 Capella
478 2890 555 2948 VI,
576 2896 675 2936 711.
724 2890 916 2936 Boetius
948 2906 992 2947 p.
1020 2895 1120 2946 375,
1142 2896 1209 2935 12.
