1956 3074
532 119 992 162 ELEMENTORUM
1020 120 1202 162 LIBER
1232 121 1267 162 1.
1675 117 1748 171 35

843 236 969 291 XII.

164 329 253 383 Ad
299 329 484 383 datam
529 331 735 381 rectam
780 327 1052 380 infinitam
1100 345 1131 379 a
1178 326 1307 379 dato
1353 331 1556 396 puncto
1598 332 1751 382 extra

55 437 173 473 eam
212 419 319 472 sito
358 406 859 488 perpendicularem
897 418 1102 470 rectam
1141 415 1340 468 lineam
1379 415 1586 469 ducere.

166 505 249 561 Sit
286 506 415 561 data
452 509 600 560 recta
638 506 851 559 infinit-a
890 508 1000 558 AB
1039 507 1302 574 punctum
1342 507 1524 558 autem
1565 504 1751 559 datum

53 599 205 650 extra
254 614 373 650 eam
412 596 575 650 situm
614 597 675 649 Γ.
754 597 972 666 oportet
1007 594 1178 664 igitur
1218 594 1285 647 ad
1325 594 1508 647 datam
1547 596 1751 648 rectam

50 686 324 739 infinitam
365 689 473 739 AB
521 704 554 738 a
601 684 729 739 dato
776 687 977 754 puncto
1027 685 1180 736 extra
1227 701 1347 736 eam
1399 684 1504 736 sito
1546 685 1600 736 Γ
1631 702 1750 752 per-

49 774 455 844 pendicularem
495 778 699 830 rectam
741 774 950 827 ducere.

162 867 411 918 sumatur
459 866 606 918 enim
643 865 702 916 in
741 863 916 916 altera
952 864 1110 931 parte
1149 864 1328 915 rectae
1369 865 1478 914 AB
1520 862 1749 932 quoduis

47 956 308 1022 punctum
326 959 397 1024 A,
416 934 471 1007 et
488 957 673 1008 centro
694 954 747 1006 Γ
757 952 909 1005 radio
928 954 1110 1004 autem
1121 952 1226 1004 ΓΔ
1235 950 1464 1004 circulus
1482 950 1748 1004 describa-

392 1064 438 1113 Ζ
850 1046 940 1094 tur
954 1044 1007 1093 E
1015 1043 1133 1093 ZH
1149 1041 1280 1107 [αἴτ.
1292 1039 1368 1109 3],
1395 1041 1602 1093 etrecta
1635 1042 1750 1093 ΕΗ
1800 1091 1802 1093 ,

237 1124 555 1195 Α
841 1130 900 1182 in
911 1130 1044 1183 duas
1063 1132 1248 1198 partes
1267 1127 1522 1199 aequales
1537 1131 1747 1182 secetur

844 1221 1018 1288 [prop.
1052 1218 1125 1285 X]
1167 1218 1226 1271 in
1266 1221 1336 1288 Θ,
1384 1219 1439 1270 et
1478 1218 1745 1272 ducantur

837 1310 1152 1377 rectaeFH,
1163 1309 1279 1378 ΓΘ,
1294 1309 1406 1361 ΓΕ.
1431 1307 1570 1377 dico,
1581 1307 1744 1362 adda-

182 1364 573 1626 Avk
751 1400 949 1494 Btam
960 1399 1165 1451 rectam
1174 1395 1444 1449 infinitam
1456 1399 1559 1449 AB
1574 1415 1606 1450 a
1619 1395 1744 1450 dato

751 1447 1041 1555 Bpuncto
1066 1489 1120 1539 Γ
1138 1488 1291 1539 extra
1330 1503 1450 1538 eam
1484 1486 1591 1540 sito
1625 1504 1744 1555 per-

839 1574 1244 1643 pendicularem
1262 1574 1479 1628 ductam
1498 1592 1615 1629 esse
1633 1577 1744 1628 ΓΘ.

154 1677 283 1712 nam
323 1678 446 1713 cum
457 1581 600 1715 ΛΗΘ
626 1686 694 1706 =
722 1666 849 1733 ΘΕ,
892 1666 946 1715 et
985 1663 1287 1716 communis
1329 1664 1403 1716 sit
1442 1665 1566 1734 ΘΓ,
1607 1664 1742 1718 duae

41 1752 218 1802 rectae
249 1752 388 1819 ΗΘ,
426 1753 536 1803 ΘΓ
560 1751 768 1804 duabus
809 1756 936 1822 ΕΘ,
977 1755 1088 1806 ΘΓ
1113 1753 1366 1823 aequales
1407 1755 1535 1806 sunt
1573 1754 1743 1807 altera

40 1837 213 1891 alteri.
291 1841 343 1891 et
393 1839 542 1893 basis
582 1842 704 1894 ΓΗ
758 1841 876 1894 basi
931 1845 1040 1894 ΓΕ
1089 1842 1330 1911 aequalis
1383 1845 1480 1896 est.
1556 1842 1741 1913 itaque

38 1932 75 1990 L
95 1929 273 1980 ΓΘΗ
291 1953 361 1972 =
387 1931 555 1983 ΕΘΓ
588 1929 951 1999 [prop.VIII].
1003 1934 1058 1984 et
1089 1931 1344 2001 deinceps
1385 1931 1556 2001 positi
1598 1935 1741 1986 sunt.

37 2015 131 2069 ubi
156 2020 338 2070 autem
370 2021 519 2072 reeta
543 2036 707 2089 super
729 2023 937 2073 rectam
962 2020 1163 2074 lineam
1189 2023 1368 2074 erecta
1393 2008 1626 2091 angulos
1651 2021 1739 2075 de-

36 2106 221 2175 inceps
246 2108 455 2176 positos
480 2108 622 2162 inter
647 2127 703 2163 se
730 2110 985 2181 aequales
1011 2110 1192 2180 efficit,
1215 2113 1396 2164 rectus
1414 2112 1497 2164 est
1512 2112 1740 2180 uterque

37 2195 267 2266 angulus
304 2198 548 2267 aequalis
556 2240 571 2266 ,
611 2200 666 2251 et
706 2202 856 2253 recta
889 2200 1031 2253 linea
1065 2203 1243 2254 erecta
1273 2198 1737 2269 perpendicularis

36 2284 343 2354 adpellatur
382 2286 450 2339 ad
490 2304 627 2357 eam,
668 2307 830 2359 super
869 2308 1028 2359 quam
1071 2292 1250 2343 erecta
1290 2291 1373 2342 est
1406 2288 1532 2356 [def.
1555 2289 1664 2356 10].

144 2372 294 2444 Ergo
329 2374 397 2427 ad
431 2374 614 2428 datam
645 2380 851 2431 rectam
883 2378 1156 2432 infinitam
1182 2382 1290 2431 AB
1323 2397 1354 2431 a
1378 2377 1509 2432 dato
1534 2381 1735 2448 puncto

34 2464 88 2515 Γ
119 2467 271 2517 extra
310 2481 431 2517 eam
471 2464 577 2518 sito
617 2467 1079 2537 perpendicularis
1120 2468 1280 2522 ducta
1313 2469 1397 2521 est
1429 2469 1551 2538 ΓΘ;
1593 2467 1735 2537 quod

35 2552 321 2621 oportebat
358 2552 490 2609 fieri.

150 2668 253 2714 XII.
287 2669 442 2716 Schol.
476 2670 526 2715 in
556 2670 763 2717 Archim.
796 2673 861 2716 III
891 2687 937 2730 p.
964 2676 1065 2719 383
1114 2672 1308 2717 Boetius
1340 2687 1385 2730 p.
1413 2677 1513 2730 381,
1534 2678 1575 2719 ’1.

33 2786 147 2819 corr.
178 2789 240 2820 m
267 2780 293 2819 2
326 2774 376 2832 P,
425 2778 466 2819 E
498 2776 605 2823 dub.
638 2777 686 2820 in
718 2777 769 2821 F.
923 2773 1063 2822 εὖθει
1051 2777 1136 2835 α]
1169 2777 1227 2831 P;
1261 2791 1350 2822 om
1385 2776 1548 2822 Theon
1579 2776 1730 2833 (BFV

29 2830 134 2937 Bi>
178 2811 972 2996 excavans
1308 2836 1734 2952 fflwffl

31 2963 144 2997 eras,
178 2951 226 2996 F.
350 2955 461 2998 δυσί
486 2953 583 2999 BF.

1303 3015 1366 3059 3*
