1956 3074
138 1082 192 1122 10

137 1524 190 1564 15

134 1967 192 2007 20

232 156 335 210 106
842 146 1179 200 ΣΤοΙΧΕῙῼΝ
1210 154 1276 201 α’.

225 279 428 348 γωνίᾳ,
476 273 512 345 ἤ
559 275 709 329 ἐστιν
758 281 848 345 ἴση
895 278 960 347 τῇ
1002 281 1077 329 Ε·
1140 275 1231 330 καὶ
1278 273 1752 348 παραβεβλήσθω·
1765 274 1914 348 παρὰ

224 362 328 434 τὴν
366 368 482 418 ΗΘ
519 359 750 418 εὐθεῖαν
789 366 864 439 τῷ
905 368 1083 418 ΔΒΓ
1112 362 1367 439 τριγώνῳ
1409 370 1537 418 ἴσον
1574 364 1917 436 παραλληλό-

224 473 482 524 γραμμον
530 450 592 507 τὸ
639 456 781 506 ΗΜ
820 454 880 507 ἐν
925 455 991 524 τῇ
1039 450 1148 508 ὑπὸ
1198 458 1394 507 ΗΘΜ
1433 457 1636 526 γωνίᾳ,
1689 450 1724 523 ἥ
1767 454 1916 508 ἐστιν

226 547 318 611 ἴση
358 544 423 613 τῇ
462 546 523 594 Ε.
563 541 656 595 καὶ
698 541 812 595 ἐπεὶ
851 538 886 611 ἡ
913 547 966 595 Ε
994 545 1172 611 γωνία
1205 541 1435 614 ἑκατέρᾳ
1461 543 1574 597 τῶν
1599 537 1709 596 ὑπὸ
1734 547 1917 612 ΘΚΖ,

227 631 591 684 ΗΘΜέστιν
632 635 743 699 ἴση,
782 630 875 684 καὶ
914 626 948 700 ἡ
989 627 1098 684 ὑπὸ
1139 634 1305 684 ΘΚΖ
1338 628 1448 701 ἄρα
1486 632 1551 702 τῇ
1593 627 1701 684 ὑπὸ
1729 634 1926 684 ΗΘΜ

224 719 375 773 ἐστιν
424 723 531 787 ἴση.
607 716 768 788 κοινὴ
810 722 1164 787 προσκείσθω
1216 716 1250 788 ἡ
1291 715 1400 773 ὑπὸ
1443 723 1646 773 ΚΘΗ·
1710 721 1771 772 αἱ
1807 717 1918 791 ἄρα

221 803 331 860 ὑπὸ
373 810 565 875 ΖΚΘ,
612 810 799 860 ΚΘΗ
827 817 948 871 ταῖς
984 804 1095 862 ὑπὸ
1138 812 1333 877 ΚΘΗ,
1374 811 1571 861 ΗΘΜ
1602 813 1717 862 ἴσαι
1758 811 1917 863 εἰσίν.

223 890 346 949 ἄλλ’
397 896 460 949 αἰ
500 892 611 950 ὑπὸ
653 900 846 966 ΖΚΘ,
904 900 1088 950 ΚΘΗ
1125 895 1291 950 δυσὶν
1341 891 1543 966 ὀρθαῖς
1594 901 1709 950 ἴσαι
1750 899 1917 951 εἰσίν·

222 983 316 1038 καὶ
364 985 426 1038 αἱ
466 980 576 1039 ὑπὸ
618 989 817 1055 ΚΘΗ,
858 989 1053 1039 ΗΘΜ
1091 982 1199 1055 ἄρα
1255 981 1361 1038 δύο
1418 981 1620 1053 ὀρθαῖς
1674 990 1789 1038 ἴσαι
1845 989 1919 1039 εἰ-

225 1077 332 1128 σίν.
408 1071 548 1145 πρὸς
594 1071 664 1143 δή
713 1093 822 1127 τινι
863 1071 1061 1146 εὐθείᾳ
1098 1075 1164 1144 τῇ
1205 1078 1317 1127 ΗΘ
1354 1072 1445 1126 καὶ
1485 1075 1560 1146 τῷ
1600 1070 1739 1143 πρὸς
1778 1070 1918 1145 αὐτῇ

224 1165 430 1236 σημείῳ
485 1164 562 1235 τῷ
608 1167 656 1216 Θ
703 1160 808 1216 δύο
865 1159 1082 1216 εὐθεῖαι
1130 1163 1194 1216 αἱ
1228 1166 1362 1230 ΚΘ,
1418 1166 1549 1215 ΘΜ
1587 1159 1661 1231 μὴ
1712 1161 1798 1215 ἐπὶ
1851 1159 1918 1216 τὰ

224 1247 364 1305 αὐτὰ
412 1250 550 1322 μέρη
601 1255 850 1321 κείμεναι
903 1247 1003 1314 τὰς
1042 1250 1236 1321 ἐφεξῆς
1288 1254 1496 1319 γωνίας
1552 1248 1658 1305 δύο
1717 1247 1918 1321 ὀρθαῖς

224 1346 347 1404 ἴσας
384 1342 671 1394 ποιοῦσιν·
711 1336 794 1393 ἐπ’
839 1336 1065 1403 εὐθείας
1103 1336 1213 1410 ἄρα
1254 1338 1404 1393 ἐστὶν
1438 1336 1472 1409 ἡ
1508 1344 1622 1393 ΚΘ
1660 1341 1725 1411 τῇ
1766 1344 1917 1394 ΘΜ·

221 1426 314 1481 καὶ
363 1426 478 1481 ἐπεὶ
526 1429 604 1491 εἰς
650 1425 1040 1499 παραλλήλους
1086 1447 1185 1490 τας
1232 1431 1386 1496 ΚΜ,
1444 1432 1565 1481 ΖΗ
1595 1424 1793 1482 εὐθεῖα
1834 1429 1918 1482 ἐν·

224 1516 417 1571 ε’πεσεν
457 1512 491 1586 ἡ
518 1520 648 1585 ΘΗ,
689 1517 751 1569 αἱ
788 1512 1020 1581 ἐναλλὰξ
1052 1518 1255 1585 γωνίαι
1287 1517 1349 1568 αἱ
1376 1511 1486 1570 ὑπὸ
1514 1521 1718 1586 ΜΘΗ,
1750 1521 1918 1570 ΘΗΖ

223 1611 339 1659 ἴσαι
377 1602 644 1674 ἀλλήλαις
683 1606 840 1659 εἰσίν.
892 1601 1055 1674 κοινὴ
1094 1607 1450 1675 προσκείσθω
1490 1601 1524 1675 ἡ
1565 1601 1673 1659 ὑπὸ
1713 1609 1917 1659 ΘΗΛ·

222 1695 284 1747 αἱ
319 1691 430 1766 ἄρα
469 1689 579 1747 ὑπὸ
620 1697 824 1761 ΜΘΗ,
863 1696 1040 1747 ΘΗΛ
1071 1703 1191 1757 ταῖς
1227 1689 1337 1748 ὑπὸ
1372 1697 1557 1763 ΘΗΖ,
1596 1697 1769 1747 ΘΗΛ
1802 1699 1918 1747 ἴσαι

223 1784 381 1837 εἰσίν.
459 1778 580 1836 ἀλλ’
625 1783 687 1835 αἱ
735 1778 845 1836 ὑπὸ
889 1786 1098 1852 ΜΘΗ,
1153 1785 1324 1836 ΘΗΛ
1380 1779 1485 1836 δύο
1542 1779 1746 1853 ὀρθαῖς
1801 1787 1917 1836 ἴσαι

222 1874 387 1926 εἰσίν·
450 1870 543 1924 καὶ
605 1871 668 1924 αἱ
717 1866 827 1925 ὑπὸ
883 1874 1075 1939 ΘΗΖ,
1138 1874 1313 1924 ΘΗΛ
1375 1867 1486 1942 ἄρα
1556 1868 1660 1924 δύο
1714 1867 1918 1941 ὀρθαῖς

225 1965 342 2014 ἴσαι
397 1961 561 2013 εἰσίν·
626 1956 708 2014 ἐπ’
769 1956 996 2023 εὐθείας
1051 1956 1162 2029 ἄρα
1221 1957 1373 2013 ἐστὶν
1427 1956 1462 2028 ἡ
1513 1963 1632 2012 ΖΗ
1669 1961 1735 2031 τῇ
1785 1963 1916 2013 ΗΛ.

220 2046 313 2102 καὶ
368 2046 484 2102 ἐπεὶ
530 2044 564 2117 ἡ
615 2052 727 2101 ΖΚ
762 2048 827 2119 τῇ
853 2051 969 2101 ΘΗ
999 2052 1090 2116 ἴση
1131 2066 1188 2101 τε
1227 2045 1319 2100 καὶ
1358 2044 1711 2117 παράλληλός
1747 2047 1916 2116 ἐστιν,

221 2133 362 2190 ἀλλὰ
401 2134 494 2190 καὶ
533 2131 566 2203 ’ἱ
609 2141 730 2191 ΘΗ
766 2137 831 2208 τῇ
873 2140 1015 2204 ΜΛ,
1046 2134 1139 2189 καὶ,
1179 2131 1213 2205 ἡ
1255 2139 1366 2189 ΚΖ
1405 2133 1514 2207 ἄρα
1551 2137 1617 2206 τῇ
1659 2139 1785 2189 ΜΛ
1823 2141 1916 2206 ἴση

219 2245 278 2279 τε
324 2223 418 2279 καὶ
463 2222 820 2295 παράλληλός
866 2223 1038 2279 ἐστιν·
1100 2222 1194 2278 καὶ
1242 2223 1698 2294 ἐπιζευγνύουσιν
1747 2221 1918 2288 αὐτὰς

221 2310 440 2368 εὐθεῖαι
487 2314 549 2366 αἱ
584 2317 730 2382 ΚΜ,
773 2318 908 2368 ΖΛ·
970 2312 1061 2367 καὶ
1114 2313 1176 2366 αἱ
1212 2315 1365 2382 ΚΜ,
1407 2316 1513 2366 ΖΛ
1553 2309 1664 2384 ἄρα
1704 2318 1819 2366 ἴσαι
1859 2332 1916 2367 τε

343 2481 381 2519 1.
414 2475 584 2535 γωνίᾳ]
618 2489 710 2532 mg.
743 2489 802 2518 m.
832 2479 854 2517 1
888 2473 936 2518 Ρ.
1061 2475 1137 2530 ἴση
1171 2471 1298 2518 ἐστίν
1328 2473 1379 2518 Ρ.
1473 2478 1512 2517 2.
1551 2474 1668 2532 ΗΘ]
1706 2475 1808 2518 ΘΗ
1835 2475 1883 2519 Ρ.

223 2530 446 2591 εὐθεῖαν]
488 2548 602 2578 corr.
637 2548 696 2578 ex
729 2529 903 2578 εὐθεῖα
934 2534 984 2577 F.
1137 2535 1281 2576 ΑΔΓ
1308 2533 1358 2575 Ρ.
1513 2533 1588 2602 ἴσι]
1623 2529 1748 2577 ἐστίν
1779 2549 1823 2590 p.

223 2592 408 2665 ΗΘΜ]
443 2595 493 2636 Η
522 2607 662 2649 supra
693 2593 743 2636 F.
868 2597 906 2636 7.
942 2591 1059 2637 εἰσιν
1092 2593 1189 2636 ἴσαι
1214 2591 1268 2635 V.
1391 2595 1432 2635 8.
1466 2587 1583 2635 ἄλλοι
1614 2591 1710 2635 ΡΒ.
1834 2593 1915 2636 δυ-

222 2653 317 2711 σίν]
350 2654 438 2697 δυο
469 2651 526 2705 F3
561 2666 674 2696 corr.
708 2667 767 2695 m.
788 2657 828 2696 2.
1013 2653 1111 2695 ἴσαι
1144 2648 1280 2708 εἰσίν]
1316 2648 1434 2694 εἰσιν
1467 2652 1566 2694 ἴσαι
1595 2665 1647 2707 p3
1697 2652 1793 2694 ἴσαι
1825 2648 1922 2695 εἰσί

221 2712 323 2756 Vb.
446 2715 486 2757 9.
520 2707 630 2770 δύο]
663 2709 712 2764 Ρ,
745 2711 780 2754 F
812 2725 871 2753 m.
901 2716 946 2763 13
980 2711 1115 2755 δυσίν
1147 2709 1330 2766 Bpr,
1363 2707 1397 2752 F
1430 2723 1489 2754 m.
1509 2714 1549 2752 2.
1651 2708 1791 2767 εἰσίν]
1826 2707 1915 2753 εἰσι

219 2769 282 2824 V3
317 2784 467 2827 comp.
500 2770 546 2815 b.
685 2774 754 2814 11.
787 2770 900 2827 ΚΘ]
936 2771 1031 2814 ΘΚ
1058 2768 1108 2815 Ρ.
1249 2773 1315 2812 12.
1350 2769 1485 2812 δυσίν
1516 2767 1703 2826 Bpr.
1844 2773 1912 2814 13.

225 2829 353 2886 ΘΜ]
387 2843 411 2874 e
444 2843 558 2876 corr.
590 2834 695 2874 m.2
727 2829 778 2873 F.
872 2834 941 2872 14.
976 2829 1093 2884 ΖΗ]
1120 2830 1211 2871 ΖΚ
1238 2843 1296 2883 φ;
1330 2830 1413 2870 ΖΛ
1444 2842 1496 2884 p3
1531 2830 1581 2870 H
1607 2826 1658 2871 in
1688 2841 1777 2872 rae.
1810 2831 1914 2871 m.2

220 2887 275 2931 V.
414 2883 615 2939 εὐθείας
644 2888 695 2932 Ρ.
828 2887 979 2944 Supra
1012 2884 1234 2932 ἐνέπεσεν
1264 2885 1315 2929 in
1345 2886 1381 2930 F
1414 2900 1500 2930 scr.
1535 2882 1853 2943 ἐμπέπτωκεν.

224 2952 291 2991 16.
334 2945 472 3005 εἰσίν]
505 2947 606 3001 PF3
649 2946 738 2992 εἰσι
770 2947 926 3004 uulgo,
1097 2950 1166 2990 17.
1199 2945 1311 2989 Post
1340 2941 1434 3003 ἄρα
1466 2959 1552 2990 ras.
1589 2950 1611 2988 1
1645 2945 1737 2991 litt.
1770 2946 1820 2990 F.
