1956 3074
127 1060 181 1100 10

130 1503 183 1543 15

130 1958 187 1998 20

131 2400 188 2440 25

209 131 280 184 28
841 131 1178 174 ΣΤΟΙΧΕΙῼΝ
1210 127 1276 175 α’.

209 248 592 321 ἐφαρμόσουσι
630 249 722 303 καὶ
763 251 824 302 αἱ
846 254 972 317 ΒΑ,
999 252 1098 302 ΓΛ
1137 247 1224 302 ἐπὶ
1263 246 1359 312 τὰς
1391 253 1520 317 ΕΛ,
1547 253 1602 301 Δ
1614 253 1671 302 Z.
1713 250 1763 302 εἰ
1794 246 1903 317 γὰρ

209 336 370 407 βάσις
408 336 510 408 μὲν
550 335 583 408 ἡ
626 342 736 392 ΒΓ
767 337 854 392 ἐπὶ
893 336 1063 407 βάσιν
1103 334 1204 406 τὴν
1244 342 1347 390 ΕΖ
1382 334 1702 407 ἐφαρμόσει,
1744 337 1804 389 αἱ
1841 334 1903 390 δὲ

209 430 466 495 ΒΑ,ΑΓ
492 425 730 496 ,πλευραὶ
771 426 859 480 ἐπὶ
897 424 993 490 τὰς
1032 430 1164 495 ΕΔ,
1191 430 1300 478 ΔΖ
1341 421 1443 478 οὐκ
1483 423 1904 496 ἐφαρμόσουσιν

211 511 351 569 ἀλλὰ
391 513 843 586 παραλλάξουσιν
883 511 958 579 ὥς
998 515 1058 567 αἱ
1096 518 1226 583 ΕΗ,
1266 519 1402 583 ΗΖ,
1455 511 1907 583 συσταθήσονται

212 602 299 656 ἐπὶ
337 604 434 674 τῆς
473 599 644 673 αὐτῆς
684 600 908 667 εὐθείας
941 600 1044 657 δύο
1082 613 1202 666 ταῖς
1233 599 1426 665 αὐταῖς
1459 599 1707 664 εὐθείαις
1739 599 1902 655 ἄλλαι

211 689 317 745 δύο
350 687 568 745 εὐθεῖαι
610 695 724 744 ἴσαι
758 690 986 762 ἑκατέρα
1019 690 1250 762 ἑκατέρᾳ
1274 688 1412 760 πρὸς
1443 687 1592 764 ἄλλῳ
1626 689 1718 743 καὶ
1750 686 1901 763 ἄλλῳ

211 782 418 853 σημείῳ
452 777 539 833 ἐπὶ
570 776 637 832 τὰ
670 776 812 833 αὐτὰ
847 778 984 850 μέρη
1016 778 1082 834 τὰ
1118 776 1258 834 αὐτὰ
1289 778 1495 850 πέρατα
1537 781 1777 848 ἔχουσαι.
1829 775 1897 831 οὐ

211 871 570 923 συνίστανται
619 867 701 922 δέ·
751 865 853 922 οὐκ
892 865 1003 939 ἄρα
1042 868 1492 939 ἐφαρμοζομένης
1530 868 1626 937 τῆς
1665 869 1776 920 ΒΓ
1806 864 1903 935 βά·

212 972 351 1021 σεως
390 955 476 1011 ἐπὶ
516 954 620 1026 τὴν
652 959 759 1010 ΕΖ
790 954 960 1024 βάσιν
1000 952 1102 1010 οὐκ
1142 954 1527 1027 ἐφαρμόσουσι
1565 953 1658 1008 καὶ
1698 955 1760 1007 αἱ
1781 959 1910 1024 BA,

213 1049 328 1100 ΛΓ
367 1043 599 1115 πλευραὶ
652 1043 738 1099 ἐπὶ
777 1042 876 1107 τὰς
916 1049 1049 1115 EA,
1098 1049 1220 1099 ΔΖ.
1301 1041 1721 1114 ἐφαρμόσουσιν
1776 1039 1911 1113 ἄρα·

215 1130 354 1188 ὥστε
409 1131 501 1187 καὶ
555 1135 732 1202 γωνία
786 1129 820 1202 ἡ
876 1129 986 1187 ὑπὸ
1034 1136 1205 1186 ΒΑΓ
1254 1131 1339 1186 ἐπὶ
1388 1134 1600 1200 γωνίαν
1647 1129 1750 1200 τὴν
1798 1126 1909 1184 ὑπὸ

216 1226 383 1276 ΕΔΖ
416 1219 720 1292 ἐφαρμόσει
759 1220 851 1275 καὶ
892 1227 982 1290 ἴση
1024 1217 1163 1292 αὐτῇ
1206 1223 1370 1274 ἔσται.

321 1306 452 1363 Ἐὰν
492 1307 601 1381 ἄρα
642 1308 746 1364 δύο
786 1313 1031 1382 τρίγωνα
1068 1305 1165 1372 τὰς
1205 1307 1309 1363 δύο
1342 1306 1582 1380 πλευρὰς
1608 1311 1771 1376 [ταῖς]
1806 1305 1913 1361 δύο

216 1403 479 1470 πλευραῖς
538 1405 660 1463 ἴσας
707 1401 800 1470 ἔχῃ
854 1397 1118 1468 ἑκατέραν
1172 1396 1401 1469 ἑκατέρα
1454 1395 1546 1449 καὶ
1593 1394 1696 1464 τὴν
1742 1393 1913 1465 βάσιν

215 1490 280 1559 τῇ
321 1486 482 1558 βάσει
531 1493 660 1558 ἴσην
711 1489 832 1558 ἔχῃ,
895 1484 986 1540 καὶ
1032 1483 1135 1555 τὴν
1185 1488 1396 1555 γωνίαν
1443 1486 1508 1555 τῇ
1566 1487 1743 1556 γωνία
1784 1489 1914 1552 ἴσην

217 1575 323 1641 ἕξει
377 1573 482 1645 τὴν
534 1571 643 1630 ὑπὸ
691 1577 804 1629 τῶν
846 1580 984 1628 ἴσων
1025 1570 1267 1628 εὐθειῶν
1307 1572 1727 1643 περιεχομένην·
1777 1569 1914 1642 ὅπερ

219 1666 333 1718 ἔδει
375 1663 565 1729 δεῖξαι.

1022 1749 1102 1805 θ’.

335 1853 466 1926 Τὴν
531 1857 856 1909 δοθεῖσαν
919 1857 1169 1923 γωνίαν
1230 1850 1710 1923 εὐθύγραμμον
1766 1855 1914 1922 δίχα

218 1956 456 2016 τεμεῖν.

315 2031 495 2087 ’Ἑστω
536 2029 570 2102 ἡ
611 2034 846 2086 δοθεῖσα
885 2033 1062 2100 γωνία
1103 2027 1501 2102 εὐθύγραμμος
1532 2027 1565 2101 ἡ
1601 2027 1708 2086 ὑπὸ
1736 2034 1915 2085 ΒΑΓ.

220 2125 311 2177 δεῖ
348 2119 417 2192 δὴ
459 2118 638 2191 αὐτὴν
678 2122 806 2190 δίχα
844 2129 1043 2189 τεμεῖν.

331 2208 610 2280 Εἰλήφθω
658 2207 745 2263 ἐπὶ
791 2210 888 2278 τῆς
935 2213 1043 2262 ΑΒ
1091 2205 1261 2279 τυχὸν
1313 2217 1544 2279 σημεῖον
1583 2204 1645 2262 τὸ
1690 2213 1768 2276 Δ,
1822 2206 1916 2261 καὶ

221 2296 542 2371 ἀφῃρήσθω
591 2294 700 2352 ἀπὸ
738 2299 835 2367 τῆς
873 2300 990 2351 ΑΓ
1019 2299 1092 2369 τῇ
1137 2303 1186 2350 Α
1198 2302 1251 2350 Δ
1291 2302 1383 2367 ἴση
1423 2293 1457 2366 ἡ
1499 2300 1628 2364 ΑΕ,
1666 2294 1758 2350 καὶ
1799 2295 1917 2350 ἐπε-

223 2385 437 2458 ζεύχθω
477 2383 511 2457 ἡ
554 2391 693 2455 ΔΕ,
731 2385 824 2440 καὶ
865 2384 1183 2440 συνεστάτω
1225 2385 1312 2440 ἐπὶ
1350 2388 1447 2456 τῆς
1488 2390 1604 2439 ΔΕ
1637 2388 1916 2455 τρίγωνον

222 2475 559 2547 ἰσόπλευρον
598 2473 661 2532 τὸ
705 2480 890 2545 ΔΕΖ,
931 2475 1023 2529 καὶ
1064 2470 1434 2544 ἐπεζεύχθωὴ
1467 2479 1596 2529 ΑΖ·
1637 2473 1796 2544 λέγω,
1830 2470 1915 2528 ὅτι

220 2562 255 2635 ἡ
310 2562 419 2619 ὑπὸ
461 2568 634 2618 ΒΑΓ
672 2567 849 2634 γωνία
897 2566 1024 2634 δίχα
1065 2563 1319 2634 τέτμηται
1366 2559 1476 2618 ὑπὸ
1524 2565 1621 2632 τῆς
1667 2567 1775 2616 ΑΖ
1827 2559 1915 2616 εὐ-

221 2658 397 2719 θείας.

345 2805 382 2846 1.
418 2796 770 2857 ἐφαρμόσουσιν
802 2800 853 2843 Ρ.
1037 2803 1140 2851 ΒΑ,
1183 2799 1282 2857 ΓΑ]
1322 2799 1505 2856 PBbp;
1555 2802 1658 2854 BA,
1690 2801 1782 2841 ΑΓ
1816 2797 1856 2841 V
1889 2810 1915 2840 e

223 2872 363 2913 corr.;
409 2861 566 2903 utrum
595 2859 820 2915 praebeat
849 2859 900 2914 F,
932 2858 1134 2903 discerni
1163 2858 1340 2915 nequit.
1492 2862 1532 2902 8.
1567 2859 1840 2902 συνίσταται
1868 2871 1914 2913 p.

283 2922 323 2962 9.
359 2913 711 2974 ἐφαρμόσουσιν
742 2918 838 2961 PF.
992 2915 1070 2975 αἱ]
1106 2931 1246 2975 supra
1275 2932 1335 2962 m.
1369 2931 1459 2962 rec.
1492 2916 1542 2962 P.
1667 2921 1733 2962 10.
1770 2911 1916 2972 ἐφαρ-
