1956 3074
119 1000 173 1039 10

118 1443 173 1482 15

205 78 312 130 288
844 77 1182 120 ΣΤΟΙΧΕΙΩΝ
1213 78 1241 121 δ
1250 74 1275 121 ’.

205 200 451 266 σημείων
490 194 762 267 ἤχθωσαν
801 194 1176 266 ἐφαπτόμεναι
1215 198 1318 250 τοῦ
1350 200 1569 250 ΑΒΓΔ
1599 195 1808 250 κύκλου
1840 197 1902 249 αἱ

210 289 342 353 ΖΗ,
382 288 512 353 ΗΘ,
552 288 679 353 ΘΚ,
719 287 845 337 KZ.

311 369 460 427 Ἐπεὶ
508 363 613 426 οὖν
669 370 966 442 ε’φοὲπτεται
1011 367 1045 440 ἡ
1095 376 1213 425 ΖΗ
1250 374 1354 426 τοῦ
1400 377 1621 427 ΑΒΓΔ
1670 370 1898 441 κύκλου,

204 458 313 516 ἀπὸ
363 459 426 515 δὲ
470 462 572 514 τοῦ
622 465 675 513 Ε
720 459 956 529 κέντρου
1003 458 1090 513 ε’πὶ
1136 456 1239 528 τὴν
1285 458 1421 513 κατὰ
1469 457 1531 515 τὸ
1586 467 1639 514 A
1678 457 1898 529 ἐπαφὴν

206 549 514 614 ἐπέζευκται
564 544 598 617 ἡ
644 553 776 615 ΕΑ,
823 549 884 600 αί
928 545 1037 617 ἄρα
1085 546 1226 617 πρὸς
1274 550 1350 622 τῷ
1395 555 1449 601 A
1486 552 1686 618 γωνίαι
1727 545 1906 618 ὀρθαί

204 639 362 691 εἰσιν.
440 633 533 690 διὰ
586 633 652 689 τὰ
708 632 848 690 αὐτοὶ
905 632 974 705 δὴ
1024 634 1116 689 καὶ
1165 637 1227 688 αἱ
1274 633 1412 706 πρὸς
1460 646 1576 700 τοῖς
1627 641 1692 705 Β,
1741 639 1804 705 Γ,
1845 642 1900 689 Δ

204 727 453 795 σημείοις
497 727 699 793 γωνίαι
750 721 927 794 ὀρθαί
961 726 1118 778 εἰσιν.
1195 723 1288 778 καὶ
1329 723 1443 779 ἐπεὶ
1484 723 1633 794 ὀρθή
1675 725 1824 778 ε’στιν
1863 722 1896 794 ἡ

202 808 312 867 ὑπὸ
361 817 527 866 ΑΕΒ
583 816 787 882 γωνία,
843 811 956 867 ἐστὶ
1004 811 1066 867 δὲ
1121 809 1270 884 ὀρθὴ
1323 812 1415 866 καὶ
1468 810 1502 882 ἡ
1549 810 1657 867 ὑπὸ
1708 817 1898 881 ΕΒΗ,

203 899 557 970 παράλληλος
603 898 714 970 ἄρα
761 899 910 955 ἐστὶν
956 897 992 970 ἡ
1039 905 1153 955 ΗΘ
1197 903 1263 972 τῇ
1311 904 1432 956 ΑΓ.
1509 897 1600 954 διὰ
1652 897 1719 953 τὰ
1759 897 1898 954 αὐτὰ

206 987 276 1058 δὴ
323 989 417 1044 καὶ
464 985 499 1059 ἡ
547 992 661 1043 ΑΓ
700 991 768 1061 τῇ
810 993 922 1042 ΖΚ
959 989 1073 1043 ἐστι
1111 987 1477 1059 παράλληλος.
1555 986 1695 1043 ὥστε
1732 988 1824 1042 καὶ
1865 985 1898 1058 ἡ

204 1082 317 1132 ΗΘ
369 1079 436 1150 τῇ
477 1082 584 1132 ΖΚ
634 1079 748 1132 ἐστι
801 1075 1170 1149 παράλληλος.
1256 1073 1462 1147 ὁμοίως
1508 1075 1577 1147 δὴ
1629 1077 1898 1146 δείξομεν,

205 1166 289 1221 ὅτι
334 1165 428 1219 καὶ
468 1165 698 1237 ἑκατέρα
737 1168 850 1221 τῶν
888 1170 1025 1235 ΗΖ,
1071 1170 1186 1220 ΘΚ
1222 1167 1287 1238 τῇ
1328 1170 1499 1219 ΒΕΔ
1540 1166 1653 1219 ε’στι
1691 1164 1897 1236 παράλ-

204 1259 385 1324 ληλος.
443 1252 992 1325 παραλληλόγραμμα
1031 1251 1142 1325 ἄρα
1182 1254 1295 1309 ἐστὶ
1334 1251 1400 1308 τὰ
1433 1258 1570 1322 ΗΚ,
1602 1257 1731 1322 ΗΓ,
1764 1258 1898 1323 ΑΚ,

206 1346 336 1411 ΖΒ,
390 1347 530 1396 ΒΚ·
601 1347 693 1411 ἴση
750 1338 860 1412 ἄρα
911 1341 1063 1396 ἐστὶν
1101 1338 1136 1411 ἡ
1177 1341 1279 1412 μὲν
1318 1346 1431 1396 ΗΖ
1469 1343 1535 1414 τῇ
1576 1345 1710 1409 ΘΚ,
1760 1337 1795 1411 ἡ
1838 1340 1899 1396 δὲ

205 1434 319 1484 ΗΘ
355 1432 421 1502 τῇ
463 1434 585 1483 ΖΚ.
655 1428 747 1484 καὶ
796 1429 912 1483 ἐπεὶ
951 1435 1042 1499 ἴση
1085 1429 1238 1484 ἐστὶν
1275 1426 1451 1500 ἡΑΓ
1480 1431 1546 1502 τῇ
1586 1434 1716 1498 ΒΔ,
1756 1426 1896 1484 ἀλλὰ

204 1517 297 1572 καὶ
335 1515 370 1588 ἡ
411 1516 513 1588 μὲν
553 1522 669 1573 ΑΓ
700 1517 930 1590 ἑκατέρα
966 1521 1081 1572 τῶν
1120 1522 1250 1587 ΗΘ,
1291 1523 1418 1586 ΖΚ,
1459 1515 1493 1588 ἡ
1534 1517 1597 1573 δὲ
1635 1523 1748 1572 ΒΔ
1779 1518 1900 1573 ἑκα-

203 1606 338 1679 τέρα
376 1609 490 1662 τῶν
529 1611 667 1676 ΗΖ,
722 1610 837 1660 ΘΚ
874 1607 1023 1661 ἐστιν
1075 1612 1166 1676 ἴση
1216 1605 1331 1675 [καὶ
1371 1605 1600 1678 ἑκατέρα
1638 1604 1749 1677 ἄρα
1787 1609 1898 1661 τῶν

206 1699 335 1765 ΗΘ,
377 1699 488 1749 ΖΚ
518 1695 747 1768 ἑκατέρᾳ
777 1697 891 1749 τῶν
915 1699 1045 1764 ΗΖ,
1069 1699 1183 1749 ΘΚ
1206 1696 1355 1750 ἐστιν
1388 1699 1524 1766 ἴση],
1564 1693 1899 1766 ἰσόπλευρον

205 1780 316 1853 ἄρα
371 1782 486 1837 ε’στὶ
539 1781 602 1839 τὸ
653 1788 891 1837 ΖΗΘΚ
948 1782 1371 1854 τετράπλευρον.
1465 1784 1605 1854 λέγω
1662 1782 1758 1854 δή,
1815 1781 1900 1838 ὅτι

118 1885 176 1925 20
206 1871 298 1926 καὶ
356 1869 729 1943 ὀρθογώνιον.
823 1871 938 1927 ἐπεὶ
991 1869 1100 1942 γὰρ
1150 1870 1730 1943 παραλληλόγραμμόν
1786 1873 1900 1926 ἐστι

1075 1956 1088 1975 ἱ
1150 1955 1165 1976 θ
1223 1954 1237 1974 e
1298 1956 1311 1976 ἱ

205 2048 297 2102 καὶ
344 2045 378 2118 ἡ
420 2045 530 2102 ὑπὸ
579 2052 772 2102 ΑΗΒ.
848 2043 1054 2117 ὁμοίως
1107 2043 1176 2116 δὴ
1235 2047 1514 2116 δείξομεν,
1572 2044 1656 2101 ὅτι
1711 2046 1803 2100 καὶ
1842 2049 1904 2101 αἱ

206 2134 346 2207 πρὸς
382 2146 500 2200 τοῖς
537 2141 609 2211 Θ,
650 2139 730 2203 Κ,
771 2140 815 2188 Ζ
854 2139 1054 2204 γωνίαι
1096 2131 1274 2205 ὀρθαί
1307 2137 1466 2190 εἰσιν.
1545 2131 1900 2206 ὀρθογώνιον

207 2222 316 2294 ἄρα
371 2224 487 2278 ἐστὶ
532 2220 595 2277 τὸ
646 2226 892 2277 ΖΗΘΚ.
988 2224 1214 2293 ἐδείχθη
1273 2221 1334 2278 δὲ
1390 2221 1483 2277 καὶ
1538 2221 1900 2293 ἰσόπλευρον

326 2394 367 2430 2.
404 2386 511 2444 KZ]
543 2385 595 2428 in
625 2397 715 2428 ras.
747 2384 804 2437 F;
851 2385 1017 2429 mutat.
1048 2383 1098 2427 in
1130 2387 1220 2427 ZK
1248 2398 1311 2427 m.
1337 2389 1363 2428 2
1398 2384 1452 2429 V.
1605 2389 1646 2428 4.
1682 2381 1898 2442 ἐπαφήν]

209 2441 499 2502 ἐπιφάνειαν
539 2459 569 2500 p
603 2445 651 2487 et
681 2442 718 2485 B
750 2457 810 2486 m.
839 2449 860 2486 1
897 2445 1029 2498 (corr.
1062 2457 1122 2486 m.
1157 2444 1279 2498 rea).
1404 2449 1444 2488 5.
1477 2443 1539 2503 τῷ
1596 2441 1650 2487 τό
1683 2442 1735 2488 Β.
1858 2448 1898 2487 6.

210 2503 300 2549 εἰσι
331 2503 475 2560 BVp.
601 2507 640 2547 7.
675 2501 765 2546 εἰσι
795 2502 891 2558 Vp.
1023 2507 1063 2546 8.
1097 2501 1252 2559 ΑΕΒ]
1286 2505 1322 2544 Β
1354 2502 1402 2545 in
1433 2515 1521 2545 ras.
1595 2538 1604 2546 .
1727 2502 1895 2560 EBH]

209 2567 245 2607 Β
276 2562 326 2606 in
356 2576 446 2606 ras.
479 2562 530 2607 F.
676 2566 745 2604 10.
778 2558 1071 2616 παράλληλός
1104 2557 1229 2604 ἐστιν
1260 2560 1316 2605 V.
1453 2556 1567 2606 ὥστε
1598 2586 1652 2592 -
1680 2566 1748 2606 11.
1782 2577 1898 2614 παρ-

209 2619 420 2680 άλληλος]
460 2620 536 2677 Pp
584 2620 652 2676 (in
691 2623 781 2663 ZK
815 2619 907 2664 litt.
944 2622 978 2663 Z
1016 2619 1064 2662 in
1102 2633 1191 2663 ras.
1223 2621 1297 2676 p);
1346 2634 1434 2664 om.
1467 2620 1531 2674 V3
1578 2634 1668 2676 mg.
1702 2634 1762 2665 m.
1792 2625 1814 2662 1
1847 2619 1897 2673 F,

207 2695 268 2724 m.
293 2686 319 2725 2
353 2681 411 2735 B3
443 2680 590 2724 habet
621 2679 917 2753 Campanus..
1080 2682 1147 2723 13.
1180 2678 1292 2723 Post
1322 2675 1612 2735 παράλληλος
1644 2678 1750 2723 add.
1783 2672 1897 2722 ὥστε

207 2739 290 2783 καὶ
321 2735 349 2796 ἡ
386 2742 478 2783 ΗΖ
507 2739 563 2797 τῇ
598 2739 699 2782 ΘΚ
729 2753 824 2782 εστι
856 2734 1147 2794 παράλληλος
1177 2737 1267 2794 Fp,
1301 2738 1338 2780 B
1370 2752 1536 2782 m.rec.
1625 2737 1747 2794 HK]
1782 2750 1897 2781 eras,

208 2797 258 2842 F.
384 2803 451 2842 14.
490 2798 590 2855 ΖΒ]
623 2796 672 2840 in
702 2811 791 2842 ras.
824 2797 881 2849 F;
916 2800 951 2839 Β
983 2810 1009 2841 e
1041 2810 1156 2840 corr.
1190 2811 1250 2840 m.
1278 2802 1303 2840 2
1331 2797 1381 2840 V.
1506 2797 1623 2854 ΒΚ]
1655 2795 1702 2839 in
1735 2809 1824 2839 ras.
1849 2796 1896 2839 F.

272 2862 340 2901 15.
373 2853 487 2901 ἀλλὰ
520 2857 629 2914 καί]
662 2856 719 2909 Ρ;
767 2852 869 2899 ἀλλ’
906 2855 1091 2911 BFVp.
1248 2861 1315 2901 16.
1352 2856 1464 2911 ΖΚ]
1516 2857 1605 2898 ΖΚ
1650 2851 1776 2899 ἐστιν
1824 2855 1898 2910 ἴση
