1956 3074
231 134 303 185 92
862 136 1197 179 ΣΤΟΙΧΕΙῼΝ
1228 133 1296 180 α’.

232 257 344 306 ΔΖ
399 251 692 324 διάμετρος
746 251 885 309 αὐτὸ
941 257 1068 326 δίχα
1121 255 1303 325 τέμνει
1361 252 1450 323 [τὰ
1509 254 1571 310 δὲ
1623 258 1736 310 τῶν
1784 262 1920 310 ἴσων

229 338 397 412 ἡμίση
448 347 541 396 ἶσα
588 339 851 413 ἀλλήλοις
898 345 1088 412 ἐστίν]
1167 349 1293 398 ἴσον
1344 342 1455 412 ἄρα
1503 343 1615 398 ἐστὶ
1654 343 1717 399 τὸ
1759 350 1930 400 ΑΒΓ

228 433 510 501 τρίγωνον
547 431 624 504 τῷ
665 436 720 484 A
732 435 835 485 EZ
872 430 1142 506 τριγώνῳ.

347 516 426 572 Τὰ
467 516 577 586 ἄρα
615 523 860 590 τρίγωνα
899 518 965 573 τὰ
1008 519 1095 574 ἐπὶ
1138 526 1276 575 ἴσων
1316 519 1538 590 βάσεων
1571 518 1709 575 ὄντα
1738 520 1830 575 καὶ
1864 523 1923 576 ἐν

174 617 200 658 5
232 615 353 671 ταῖς
407 603 601 671 αὐταῖς
654 606 1032 678 παραλλήλοις
1086 614 1179 662 ἴσα
1237 604 1498 676 ἀλλήλοις
1553 609 1724 663 ἐστίν·
1789 606 1922 683 ὅπερ

230 696 342 749 ἔδει
384 696 573 761 δεῖξαι.
1224 713 1226 715 “

1018 858 1139 914 λθ’.

349 958 432 1015 Τὰ
491 967 601 1016 ἴσα
650 964 943 1032 τρίγωνα
991 959 1065 1015 τὰ
1119 961 1221 1017 ἐπὶ
1271 965 1382 1032 τῆς
1430 960 1632 1034 αὐτῆς
1669 962 1925 1034 βάσεως

230 1046 390 1103 ὄντα
435 1049 543 1103 καὶ
592 1049 696 1104 ἐπὶ
737 1047 808 1103 τὰ
852 1046 1016 1104 αὐτὰ
1056 1050 1217 1120 μέρη
1256 1049 1365 1104 καὶ
1407 1051 1474 1105 ἐν
1513 1061 1657 1116 ταῖς
1695 1049 1926 1117 αὐταῖς

141 1148 196 1190 10
228 1137 680 1209 παραλλήλοις
718 1139 921 1193 ἐστίν.

323 1223 506 1281 ’Ἑστω
549 1233 642 1280 ἴσα
680 1230 925 1297 τρίγωνα
964 1224 1030 1280 τὰ
1064 1231 1247 1296 ΑΒΓ,
1290 1231 1466 1281 ΔΒΓ
1497 1227 1584 1283 ἐπὶ
1622 1231 1719 1299 τῆς
1758 1226 1927 1300 αὐτῆς

226 1313 442 1384 βάσεως
481 1313 618 1370 ὄντα
648 1315 742 1370 καὶ
782 1315 870 1370 ἐπὶ
899 1313 966 1369 τὰ
1000 1312 1141 1370 αὐτὰ
1175 1316 1312 1387 με’ρη
1345 1318 1441 1387 τῆς
1473 1321 1600 1371 ΒΓ·
1644 1319 1803 1389 λέγω,
1837 1316 1923 1373 ὅτι

225 1402 320 1457 καὶ
360 1404 422 1458 ἐν
461 1415 581 1469 ταῖς
620 1401 813 1470 αὐταῖς
850 1403 1226 1476 παραλλήλοις
1268 1405 1432 1460 ἐστίν.

336 1489 679 1564 Ἐπεζεύχθω
712 1490 819 1563 γὰρ
852 1489 886 1562 ἡ
912 1499 1032 1547 ΑΔ
1050 1510 1062 1522 ·
1093 1493 1255 1562 λέγω,
1290 1489 1374 1547 ὅτι
1398 1491 1753 1565 παράλληλός
1776 1495 1926 1550 ἐστιν

141 1595 194 1635 15
229 1577 264 1651 ἡ
310 1587 429 1636 ΑΔ
465 1583 531 1653 τῇ
573 1585 688 1635 ΒΓ.

340 1672 414 1724 Εἰ
461 1668 569 1742 γὰρ
610 1668 705 1740 μή,
745 1666 906 1740 ἤχθω
948 1667 1042 1724 διὰ
1081 1671 1183 1725 τοῦ
1223 1676 1278 1725 Α
1317 1674 1551 1741 σημείου
1588 1674 1655 1744 τῇ
1695 1677 1807 1727 ΒΓ
1838 1671 1925 1728 εὐ-

226 1761 358 1831 θείᾳ
396 1757 750 1829 παράλληλος
788 1755 822 1828 ἡ
865 1763 1000 1827 ΑΕ,
1051 1757 1144 1813 καὶ
1185 1759 1494 1830 ἐπεζεύχθω
1536 1757 1718 1830 ἡΕΓ.
1797 1767 1925 1817 ἴσον

226 1844 336 1917 ἄρα
385 1846 499 1902 ἐστὶ
545 1845 608 1902 τὸ
650 1851 824 1903 ΑΒΓ
862 1851 1140 1919 τρίγωνον
1178 1849 1255 1922 τῷ
1297 1851 1466 1902 ΕΒΓ
1494 1847 1774 1924 τριγώνῳ
1838 1850 1932 1905 ἐπί

226 1956 282 1990 τε
337 1934 443 2007 γὰρ
496 1938 595 2007 τῆς
649 1934 824 2007 αὐτῆς
877 1933 1094 2005 βάσεώς
1148 1937 1299 1991 ἐστιν
1347 1932 1498 2012 αὐτῷ
1538 1938 1635 2007 τῆς
1673 1942 1788 1993 ΒΓ
1832 1938 1925 1993 καὶ

141 2039 198 2079 ‘20
231 2026 293 2079 ἐν
353 2035 474 2089 ταῖς
535 2022 725 2090 αὐταῖς
786 2023 1178 2095 παραλλήλοις.
1275 2021 1416 2079 ἀλλὰ
1482 2024 1542 2079 τὸ
1609 2030 1783 2081 ΑΒΓ
1847 2029 1923 2104 τῷ

228 2118 405 2168 ΔΒΓ
444 2115 594 2170 ἐστιν
642 2120 791 2169 ἴσον·
851 2113 942 2168 καὶ
989 2111 1051 2168 τὸ
1101 2117 1277 2168 ΔΒΓ
1316 2110 1424 2185 ἄρα
1470 2116 1546 2189 τῷ
1599 2119 1766 2169 ΕΒΓ
1798 2121 1924 2171 ἴσον

229 2201 342 2258 ἐστὶ
389 2200 452 2259 τὸ
501 2207 687 2274 μεῖζον
734 2206 810 2278 τῷ
860 2200 1143 2257 ἐλάσσονι·
1215 2199 1350 2281 ὅπερ
1415 2202 1566 2257 ἐστὶν
1612 2199 1921 2258 ἀδύνατον·

228 2287 330 2346 οὐκ
369 2289 480 2363 ἄρα
518 2290 874 2363 παράλληλός
912 2292 1062 2347 ἐστιν
1100 2288 1135 2362 ἡ
1177 2296 1292 2346 ΑΕ
1324 2293 1391 2364 τῇ
1431 2295 1546 2347 ΒΓ.
1609 2287 1814 2362 ὁμοίως
1853 2291 1923 2363 δὴ

345 2439 554 2484 XXXIX.
588 2439 780 2484 Boetius
812 2454 855 2496 p.
883 2442 1043 2496 384,1.

347 2578 386 2617 1.
420 2573 528 2631 AZ]
561 2572 651 2627 Pb,
683 2571 719 2615 F
750 2586 775 2616 e
809 2586 946 2627 εστι-,ς
979 2574 1066 2615 ΖΔ
1096 2571 1236 2629 BVp.
1348 2573 1460 2616 ἴσων
1490 2571 1675 2628 γωνιῶν
1706 2571 1754 2617 F.

227 2629 373 2690 ἐστίν]
408 2632 535 2688 PVp
548 2649 558 2685 3
593 2630 710 2675 εἰσίν
744 2630 877 2676 BFb.
1042 2628 1167 2689 ἐστί]
1193 2587 1330 2677 ἐστίν
1362 2631 1464 2685 PF;
1497 2645 1633 2687 comp
1637 2631 1723 2676 ..b
1877 2637 1919 2678 3.

230 2691 388 2750 ΔΕΖ]
438 2705 552 2736 corr.
586 2704 643 2734 ex
675 2693 813 2734 ΖΔΕ
844 2690 894 2735 F.
1047 2695 1085 2735 5.
1130 2688 1276 2762 ἐστίν]
1307 2688 1424 2734 εἰσίν
1453 2665 1592 2734 'BFb.
1838 2689 1922 2794 “V

227 2749 345 2807 (alt.)
379 2764 469 2796 om.
501 2750 547 2794 b.
698 2754 736 2794 9.
769 2750 850 2794 καὶ
884 2746 962 2793 ἐπὶ
992 2766 1051 2793 τα
1084 2745 1206 2794 αὐτὰ
1240 2749 1378 2808 μέρη]
1413 2749 1464 2803 Ρ,
1498 2749 1533 2792 F
1568 2749 1674 2805 (del.
1707 2764 1767 2794 m.
1762 2694 1846 2806 81),

223 2823 284 2854 m.
303 2814 345 2864 2,
380 2808 585 2861 Boetius,
617 2809 822 2864 Proclus‚
856 2809 1142 2879 Campanus,
1177 2823 1262 2854 om.
1301 2807 1393 2865 Bb,
1424 2808 1466 2860 V
1490 2823 1549 2852 m.
1573 2814 1611 2863 1,
1642 2823 1688 2865 p.
1809 2809 1918 2868 καί]

227 2868 347 2924 (alt.)
381 2882 470 2912 om.
503 2869 709 2912 Proclus.
835 2872 904 2912 11.
937 2885 1006 2924 γρ.
1039 2864 1129 2912 δύο
1159 2883 1253 2926 mg.
1271 2867 1326 2912 V.
1453 2871 1520 2912 12.
1556 2843 1692 2923 ὄντα]
1726 2881 1814 2912 om.
1841 2883 1887 2925 p.

224 2927 307 2970 καὶ
340 2923 475 2971 ἕπὶτ
451 2925 509 2971 τὰ
543 2945 632 2970 αυτ
636 2925 665 2971 ὰ
700 2927 837 2985 μέρη]
870 2927 922 2981 Ρ,
955 2926 1240 2984 Campanus,
1273 2941 1361 2971 om.
1396 2927 1557 2971 Theon
1591 2926 1854 2983 (BFpr).
