1956 3074
227 111 299 168 60
856 111 1191 153 ΣΤΟΙΧΕΙῼΝ
1222 106 1288 154 α’.

1012 227 1119 283 κε’.

333 329 480 386 Ἐὰν
543 329 662 386 δύο
725 335 1022 403 τρίγωνα
1084 329 1196 396 τὰς
1259 329 1378 385 δύο
1434 331 1716 403 πλευρὰς
1772 331 1925 385 δυσὶ

226 426 543 492 πλευραῖς
599 425 744 484 ἴσας
792 423 900 491 ἔχῃ
958 420 1272 490 ἑκατέραν
1334 418 1630 491 ἑκατέρα,
1684 418 1800 489 τὴν
1856 417 1926 474 δὲ

227 507 427 578 βάσιν
459 510 572 578 τῆς
602 506 860 577 βάσεως
892 511 1160 578 μείζονα
1201 510 1336 579 ἔχῃ,
1382 507 1489 561 καὶ
1528 505 1645 577 τὴν
1677 511 1927 576 γωνίαν

169 608 194 647 5
227 599 340 666 τῆς
377 599 626 666 γωνίας
666 600 933 666 μείζονα
973 596 1103 661 ἕξει
1142 593 1260 666 τὴν
1295 593 1417 650 ὑπὸ
1458 598 1586 650 ττόν
1630 601 1791 650 ’ἴσων
1824 593 1928 650 εὐ-

228 685 440 738 θειῶν
479 684 981 755 περιεχομένην.

325 769 506 826 ’Ἑστω
549 770 654 826 δύο
694 776 939 842 τρίγωνα
974 770 1040 826 τὰ
1076 776 1257 842 ΑΒΓ,
1299 777 1467 826 ΔΕΖ
1499 770 1596 836 τὰς
1629 769 1733 826 δύο
1767 776 1928 825 πλευ-

230 857 331 930 ρὰς
380 857 479 924 τὰς
518 864 652 929 ΑΒ,
700 863 814 914 ΑΓ
857 870 977 926 ταῖς
1025 859 1129 915 δύο
1169 866 1431 930 πλευραῖς
1469 870 1588 924 ταῖς
1631 864 1767 928 ΛΕ,
1818 863 1927 912 ΛΖ

230 954 353 1013 ἴσας
402 951 599 1019 ἔχοντα
639 949 907 1020 ἑκατέραν
948 949 1202 1022 ἑκατέρᾳ,
1258 946 1360 1019 τὴν
1401 948 1502 1019 μὲν
1541 953 1650 1003 ΑΒ
1689 950 1754 1019 τῇ
1798 951 1927 1016 ΔΕ,

144 1047 199 1087 10
232 1033 335 1106 τὴν
376 1035 438 1091 δὲ
477 1041 592 1091 ΑΓ
623 1039 689 1109 τῇ
731 1042 863 1091 ΔΖ·
916 1037 1080 1107 βάσις
1120 1036 1180 1092 δὲ
1219 1034 1254 1107 ἡ
1293 1041 1404 1091 ΒΓ
1436 1035 1651 1107 βάσεως
1689 1037 1786 1105 τῆς
1826 1039 1929 1089 ΕΖ

229 1127 430 1194 μείζων
470 1127 633 1180 ἔστω·
673 1126 835 1197 λέγω,
869 1124 955 1181 ὅτι
983 1126 1076 1181 καὶ
1107 1129 1285 1196 γωνία
1317 1123 1351 1195 ἡ
1385 1122 1491 1179 ὑπὸ
1526 1128 1699 1179 ΒΑΓ
1723 1126 1931 1194 γωνίας

229 1214 327 1281 τῆς
366 1210 475 1267 ὑπὸ
518 1218 688 1268 ΕΔΖ
726 1218 927 1284 μείζων
968 1216 1139 1269 ἐστίν·

342 1303 417 1354 Εἰ
452 1299 558 1373 γὰρ
599 1300 708 1373 μή,
757 1301 883 1373 ἤτοι
924 1310 1015 1373 ἴση
1058 1302 1209 1358 ἐστὶν
1249 1300 1388 1373 αὐτῇ
1430 1298 1463 1372 ἢ
1507 1299 1781 1356 ἐλάσσων·
1838 1305 1929 1370 ἴση

231 1387 332 1458 μὲν
390 1380 496 1444 οὖν
544 1387 647 1445 οὐκ
695 1394 845 1445 ἔστιν
892 1388 926 1461 ἡ
974 1388 1085 1445 ὑπὸ
1126 1395 1300 1445 ΒΑΓ
1332 1393 1397 1462 τῇ
1440 1387 1550 1444 ὑπὸ
1591 1395 1704 1444 EA
1717 1393 1782 1442 Z·
1838 1393 1929 1457 ἴση

146 1490 197 1529 15
231 1474 337 1548 γὰρ
385 1473 458 1532 ἂν
505 1471 576 1547 ἦν
627 1478 720 1533 καὶ
767 1478 930 1549 βάσις
981 1477 1015 1550 ἡ
1056 1484 1168 1534 ΒΓ
1199 1478 1360 1549 βάσει
1398 1480 1464 1550 τῇ
1509 1482 1630 1531 EZ·
1673 1474 1777 1531 οὐκ
1815 1479 1931 1530 ἔστι

233 1565 309 1620 δέ.
349 1563 452 1621 οὐκ
492 1564 600 1638 ἄρα
637 1573 728 1636 ἴση
763 1567 878 1622 ἐστὶ
908 1572 1089 1638 γωνία
1120 1565 1154 1638 ἡ
1180 1565 1289 1622 ὑπὸ
1315 1570 1487 1621 ΒΑΓ
1504 1568 1569 1637 τῆ
1596 1561 1705 1620 ὑπὸ
1734 1569 1848 1619 ΕΔ
1863 1569 1929 1618 Ζ·

233 1651 369 1708 οὐδὲ
423 1651 534 1725 μὴν
596 1654 850 1710 ἐλάσσων
913 1655 1064 1711 ἐστὶν
1127 1653 1161 1726 ἡ
1231 1652 1339 1710 ὑπὸ
1403 1657 1575 1709 ΒΑΓ
1628 1655 1741 1723 τῆς
1802 1649 1930 1708 ὑπὸ

232 1747 426 1797 ΕΔΖ·
465 1741 743 1798 ἐλάσσων
790 1742 896 1815 γὰρ
945 1767 1017 1799 αν
1056 1737 1128 1815 ἦν
1167 1743 1259 1798 καὶ
1299 1741 1463 1814 βάσις
1501 1740 1534 1813 ἡ
1575 1745 1685 1797 ΒΓ
1716 1739 1933 1811 βάσεως

231 1833 329 1901 τῆς
370 1836 498 1885 ΕΖ·
539 1829 642 1887 οὐκ
682 1836 796 1887 ἔστι
837 1833 921 1889 δέ·
963 1831 1065 1888 οὐκ
1112 1830 1222 1905 άρα
1267 1830 1520 1886 ἐλάσσων
1561 1828 1712 1885 ἐστὶν
1751 1826 1785 1899 ἡ
1819 1813 1930 1883 ὑπο

143 1932 201 1972 20
233 1923 408 1974 ΒΑΓ
447 1924 625 1989 γωνία
671 1923 768 1990 τῆς
812 1918 927 1976 ὑπὸ
978 1925 1162 1975 ΕΛΖ.
1249 1922 1473 1991 ἐδείχθη
1527 1919 1615 1988 δέ,
1657 1915 1742 1972 ὅτι
1797 1913 1933 1972 οὐδὲ

234 2015 348 2079 ἴση·
389 2011 588 2078 μείζων
628 2007 738 2080 ἄρα
778 2009 927 2064 ἐστὶν
967 2006 1001 2079 ἡ
1041 2006 1151 2063 ὑπὸ
1199 2012 1364 2063 ΒΑΓ
1395 2010 1493 2078 τῆς
1531 2005 1639 2062 ὑπὸ
1682 2011 1795 2060 ΕΔ
1810 2011 1869 2059 Ζ.

341 2092 472 2151 Ἐὰν
508 2094 618 2169 ἄρα
651 2096 755 2153 δύο
787 2101 1034 2170 τρίγωνα
1064 2095 1161 2162 τὰς
1193 2094 1298 2151 δύο
1331 2093 1573 2166 πλευρὰς
1606 2094 1735 2150 δυσὶ
1769 2099 1931 2148 πλευ-

235 2196 359 2256 ραῖς
398 2192 521 2250 ἴσας
553 2189 646 2258 ἔχῃ
679 2186 943 2257 ἑκατέραν
984 2184 1233 2258 ἑκάτερᾳ,
1271 2182 1376 2255 τὴν
1413 2183 1474 2239 δὲ
1507 2182 1674 2254 βάσιν
1705 2185 1803 2253 τῆς
1834 2180 1933 2252 βά-

236 2289 374 2338 σεως
411 2278 636 2344 μείζονα
677 2278 787 2346 ἔχῃ,
826 2272 917 2329 &az
957 2271 1060 2344 τὴν
1091 2277 1306 2344 γωνίαν
1341 2275 1438 2343 τῆς
1469 2276 1676 2341 γωνίας
1708 2275 1932 2343 μείζονα

145 2374 202 2414 25
235 2362 344 2428 ἕξει
390 2361 493 2433 τὴν
540 2360 649 2417 ὑπὸ
699 2365 812 2417 τῶν
854 2369 992 2418 ἴσων
1034 2359 1275 2417 εὐθειῶν
1316 2361 1737 2434 περιεχομένην·
1795 2357 1931 2431 ὅπερ

236 2453 348 2505 ἔδει
389 2451 578 2516 δεῖξαι.

354 2597 498 2642 XXV.
530 2597 720 2643 Boetius
752 2614 796 2656 p.
823 2603 924 2655 382,
944 2603 1012 2644 13.

357 2737 397 2777 2
431 2731 534 2805 τάς]
569 2746 657 2777 om
690 2731 894 2776 Proclus.
1017 2730 1151 2788 δυσί]
1187 2727 1274 2774 δύο
1306 2728 1519 2783 Proclus;
1550 2732 1655 2779 ταῖς
1686 2728 1798 2772 δυσί
1824 2726 1880 2774 V.

237 2797 276 2835 3.
311 2787 398 2847 τὴν
430 2789 483 2835 δὲ
518 2789 676 2849 βάσιν]
709 2790 790 2835 καὶ
820 2787 907 2846 τὴν
940 2787 1078 2850 βάσιν
1108 2789 1324 2842 Proclus3
1374 2784 1460 2844 τὴν
1493 2763 1631 2845 βάσιν
1663 2785 1718 2831 δέ
1750 2787 1807 2831 V.

236 2854 277 2893 4.
314 2815 469 2923 ἔὲῃ]
453 2864 541 2894 om.
575 2850 624 2894 P.
749 2854 787 2894 8.
822 2853 923 2901 ταῖς
955 2848 1062 2893 δυσὶ
1092 2848 1335 2920 πλευραῖς]
1369 2861 1456 2892 om
1491 2861 1536 2904 p.
1638 2846 1750 2890 δυσί
1776 2845 1870 2902 Bp.

239 2914 278 2955 9.
330 2907 532 2969 εκατέρᾳ
566 2904 796 2966 ἑκατέραν
827 2924 871 2965 p.
1027 2913 1095 2951 12.
1129 2923 1209 2963 της
1240 2903 1355 2964 ὑπο]
1388 2921 1482 2962 mg.
1516 2921 1574 2949 m.
1604 2911 1624 2949 1
1659 2905 1733 2949 b.
1859 2909 1929 2948 14.
