1956 3074
41 587 45 591 ·
144 566 171 606 5

115 1009 169 1049 10

114 1453 169 1494 15

113 1899 170 1939 20

114 2343 171 2383 25

203 48 314 102 302
835 50 1172 93 ΣΤΟΙΧΕΙῼΝ
1204 46 1270 93 δ’.

314 170 416 232 Είς
481 164 592 239 ἄρα
645 167 748 222 τὸν
803 167 1047 222 δοθέντα
1103 166 1313 223 κύκλον
1366 166 1727 239 πεντάγωνον
1783 169 1899 225 ἰσό-

201 254 447 328 πλευρόν
509 277 567 311 τε
622 256 716 310 καὶ
772 255 1074 327 ἰσογώνιον
1130 257 1522 330 ἐγγέγραπται·
1594 255 1729 330 ὅπερ
1786 261 1900 313 ἔδει

202 359 447 415 ποιησαι.

999 447 1103 517 ιβ’.

316 550 486 623 Περὶ
524 548 641 606 τὸν
670 551 969 617 ,δοθέντα
1001 549 1246 606 κύκλον
1290 550 1718 622 πεντάγωνον
1762 551 1898 608 ἰσό-

201 637 494 711 πλευρόν
532 660 598 694 τε
635 639 743 694 καὶ
784 638 1146 710 ἰσογώνιον
1185 639 1607 713 περιγράψαι.

298 725 479 783 ’Ἑστω
528 725 558 784 ὁ
616 728 809 794 δοθεὶς
855 727 1059 794 κύκλος
1097 726 1126 784 ὃ
1168 733 1475 785 ΑΒΓΔΕ·
1547 732 1636 784 δεῖ
1672 729 1734 786 δὲ
1773 730 1900 802 περὶ

199 814 302 872 τὸν
340 821 626 872 ΑΒΓΔΕ
666 816 875 872 κύκλον
921 816 1283 888 πεντάγωνον
1336 815 1673 889 ἰσόπλευρόν
1711 839 1768 874 τε
1805 818 1899 873 καὶ

202 904 508 977 ἰσογώνιον
546 905 901 979 περιγράψαι.

312 992 634 1065 Νενοήσθω
695 998 798 1050 τοῦ
861 996 1312 1067 ἐγγεγραμμένου
1372 994 1738 1066 πενταγώνου
1785 998 1901 1051 τῶν

200 1085 427 1153 γωνιῶν
466 1093 666 1154 σημεῖα
702 1081 770 1138 τὰ
818 1090 893 1153 A,
940 1089 1015 1153 Β,
1062 1088 1135 1154 Γ,
1178 1091 1257 1154 Δ,
1297 1090 1370 1155 Ε,
1413 1082 1553 1140 ὥστε
1593 1091 1716 1150 ἴσας
1755 1080 1901 1139 εἶναι

200 1169 301 1237 τὰς
345 1177 478 1242 ΑΒ,
527 1176 656 1242 ΒΓ,
703 1177 832 1242 ΓΔ,
880 1178 1019 1243 ΔΕ,
1067 1179 1176 1227 EA
1221 1177 1603 1246 περιφερείας·
1670 1172 1765 1228 καὶ
1804 1170 1898 1227 διὰ

200 1262 315 1316 τῶν
340 1268 409 1330 A,
449 1266 516 1330 Β,
556 1264 620 1330 Γ,
662 1267 736 1331 Δ,
768 1265 821 1315 Ε
851 1258 1124 1332 ἤχθωσαν
1155 1263 1254 1315 τοί
1286 1259 1496 1316 κύκλου
1521 1259 1897 1331 ἐφαπτόμεναι

202 1350 265 1403 αἰ
286 1353 416 1417 ΗΘ,
440 1353 569 1418 ΘΚ,
596 1353 730 1419 ΚΛ,
756 1354 898 1419 ΛΜ,
924 1354 1073 1419 ΜΗ,
1097 1349 1190 1404 καὶ
1215 1348 1471 1421 εἰλήφθω
1496 1351 1596 1404 τοῦ
1619 1352 1904 1403 ΑΒΓΔΕ

199 1436 413 1493 κύκλου
449 1439 684 1510 κέντρον
722 1435 786 1494 τὸ
828 1444 891 1508 Ζ,
930 1438 1022 1493 καὶ
1064 1437 1486 1511 ἐπεζεύχθωσαν
1527 1440 1589 1493 αἰ
1614 1443 1733 1508 ΖΒ,
1775 1442 1901 1508 ΖΚ,

202 1529 326 1596 ΖΓ,
369 1530 493 1597 ΖΛ,
536 1532 661 1582 ΖΛ.

313 1614 428 1669 Καὶ
462 1615 577 1671 ἐπεὶ
608 1613 643 1687 ἡ
676 1614 779 1687 μὲν
800 1620 921 1671 ’ΚΛ
948 1613 1146 1671 εὐθεῖα
1171 1614 1470 1687 ἐφάπτεται
1494 1617 1596 1670 τοῦ
1620 1618 1905 1670 ΑΒΓΔΕ

199 1702 339 1758 κατὰ
386 1702 449 1760 τὸ
490 1709 561 1775 Γ,
618 1702 726 1760 ἀπὸ
776 1703 839 1759 δὲ
886 1706 989 1759 τοῦ
1030 1709 1076 1759 Ζ
1114 1704 1352 1777 κέντρου
1391 1702 1477 1759 ἐπὶ
1515 1700 1620 1773 τὴν
1658 1701 1796 1759 κατὰ
1836 1701 1899 1758 τὸ

201 1798 255 1849 Γ
279 1792 503 1866 ἐπαφὴν
543 1794 852 1860 ἐπέζευκται
891 1791 926 1864 ἡ
960 1797 1077 1863 ΖΓ,
1116 1790 1150 1863 ἡ
1186 1797 1293 1848 ΖΓ
1325 1791 1436 1865 ἄρα
1472 1790 1711 1856 κάθετός
1750 1793 1900 1846 ἐστιν

203 1881 432 1954 ἐπὶ·τὴν
472 1887 616 1937 ΚΛ·
679 1880 828 1955 ὀρθὴ
878 1881 988 1955 ἄρα
1037 1881 1187 1938 ἐστὶν
1227 1881 1457 1953 ἑκατέρα
1494 1883 1608 1935 τῶν
1647 1877 1786 1951 πρὸς
1822 1881 1899 1953 τῷ

201 1976 257 2027 Γ
286 1975 528 2043 γωνιῶν.
605 1969 699 2027 διὰ
748 1969 816 2025 τὰ
864 1968 1007 2026 αὐτὰ
1055 1969 1125 2041 δὴ
1178 1969 1268 2025 καὶ
1311 1971 1373 2025 αἱ
1407 1966 1547 2040 πρὸς
1584 1978 1702 2033 τοῖς
1740 1973 1807 2038 Β,
1847 1974 1903 2022 Δ

203 2064 453 2132 σημείοις
497 2064 698 2130 γωνίαι
751 2056 929 2131 ὀρθαί
963 2061 1122 2114 εἰσιν.
1198 2057 1289 2113 καὶ
1332 2057 1446 2113 ἐπεὶ
1488 2054 1636 2129 ὀρθή
1678 2057 1827 2111 ἐστιν
1866 2052 1900 2126 ἡ

203 2147 312 2205 ὑπὸ
333 2153 500 2204 ΖΓΚ
521 2152 718 2219 γωνία,
742 2146 806 2204 τὸ
833 2145 941 2220 ἄρα
967 2144 1075 2202 άπὸ
1100 2150 1198 2219 τῆς
1223 2151 1336 2202 ΖΚ
1359 2153 1486 2201 ἴσον
1512 2143 1626 2200 ἐστὶ
1650 2154 1767 2210 τοῖς
1791 2141 1898 2199 ἀπὸ

202 2241 316 2294 τῶν
364 2242 489 2308 ΖΓ,
546 2241 667 2292 ΓΚ.
746 2236 841 2291 διὰ
887 2234 955 2291 τὰ
1004 2233 1145 2292 αὐτὰ
1200 2233 1270 2307 δὴ
1329 2235 1423 2290 καὶ
1467 2245 1584 2299 τοῖς
1629 2232 1739 2290 άπὸ
1787 2237 1901 2289 τῶν

206 2332 326 2397 ΖΒ,
366 2331 480 2381 ΒΚ
504 2333 630 2382 ἴσον
671 2327 785 2383 ἐστὶ
823 2324 887 2382 τὸ
929 2324 1039 2381 ἀπὸ
1078 2329 1175 2397 τῆς
1200 2330 1338 2380 ΖΚ·
1379 2321 1518 2380 ὥστε
1555 2320 1623 2378 τὰ
1654 2318 1761 2377 ἀπὸ
1787 2325 1900 2378 τῶν

322 2474 421 2520 XII.
455 2473 645 2520 Boetius
676 2490 720 2532 p.
748 2478 849 2531 389,
869 2479 909 2520 8.

328 2615 365 2654 1.
399 2604 593 2667 κύκλον]
628 2621 743 2653 corr.
778 2622 836 2653 ex
866 2604 1034 2658 κύκλος
1064 2621 1124 2650 m.
1150 2611 1175 2650 2
1209 2605 1259 2650 F.
1382 2609 1422 2649 2.
1455 2605 1527 2662 τε]
1562 2618 1652 2649 om.
1676 2603 1732 2648 V.
1855 2608 1898 2647 3.

203 2667 421 2726 ποιῆσαι]
456 2668 609 2722 δεῖξαι
642 2668 704 2722 V;
752 2685 822 2724 γρ.
856 2667 1010 2721 δεῖξαι
1040 2681 1134 2722 mg.
1166 2681 1227 2709 m.
1254 2670 1280 2709 2
1312 2664 1362 2709 F.
1502 2670 1540 2710 7.
1573 2662 1823 2720 ΑΒΓΔΕ]
1859 2665 1900 2706 Ε

203 2727 252 2772 in
285 2742 373 2774 ras.
405 2743 465 2771 m.
493 2732 518 2771 2
550 2725 608 2772 V.
744 2732 784 2772 8.
819 2726 1067 2783 ΑΒΓΔΕ]
1103 2727 1143 2768 Ε
1174 2725 1224 2770 in
1255 2737 1344 2769 ras.
1378 2738 1439 2767 m.
1465 2728 1491 2767 2
1524 2723 1580 2768 V.
1716 2726 1786 2767 11.
1820 2735 1899 2777 ση-

205 2787 336 2846 μεῖα]
371 2803 423 2830 -α
456 2785 506 2829 in
537 2800 625 2830 ras.
658 2802 719 2832 m.
747 2791 773 2830 2
806 2786 861 2831 V.
987 2790 1054 2830 13.
1090 2788 1192 2841 AB,
1228 2783 1328 2839 ΓΔ,
1362 2785 1453 2827 ΔΕ
1483 2781 1533 2828 P.
1658 2785 1725 2826 14.
1759 2780 1897 2837 ΜΗ]

203 2849 320 2891 ΜΝ
346 2846 405 2901 F;
439 2860 553 2891 corr.
586 2860 647 2890 m.
673 2851 714 2890 2.
841 2850 910 2889 15.
943 2844 1045 2902 ΖΒ]
1080 2848 1115 2887 Β
1148 2858 1173 2889 e
1206 2857 1321 2888 corr.
1353 2857 1414 2886 m.
1441 2846 1467 2885 2
1492 2843 1540 2886 F.
1667 2840 1782 2898 ZK]
1809 2841 1902 2883 ZH
