1956 3074
554 89 1015 132 ELEMENTORUM
1046 90 1227 130 LIBER
1258 89 1293 131 Ι.
1700 85 1774 138 45

0 266 1 271 ,
79 212 387 275 ΛΕΓΔ>
411 210 570 262 ΕΓΖ
613 210 681 275 [κ.
722 209 836 260 ἔνν.
878 208 960 274 8].
1039 225 1202 275 quare
1244 212 1278 268 L
1312 210 1565 266 ΑΓΔ>
1591 210 1774 260 ΒΑΕ.

80 298 331 353 similiter
370 299 517 350 reeta
561 298 674 350 ΒΓ
712 296 770 349 in
817 296 951 349 duas
990 299 1172 365 partes
1213 296 1464 365 aequales
1506 298 1654 348 secta
1690 295 1776 347 de-

79 386 472 442 monstrabitur
511 385 676 438 etiam
716 389 751 447 l,
783 386 960 437 ΒΓΗ
975 391 1033 444 >
1059 386 1253 449 ΑΒΓ,
1290 384 1341 437 h.
1383 402 1424 437 e.

667 478 703 536 l,
735 478 788 526 Α
796 476 850 526 Γ
853 477 909 525 Δ
931 481 988 534 >
1014 475 1193 526 ΑΒΓ.

191 565 341 635 Ergo
381 564 439 616 in
478 563 669 632 quouis
707 563 984 632 triangulo
1023 580 1134 616 uno
1175 562 1346 615 latere
1385 563 1649 632 producto
1683 580 1777 615 an-

80 653 242 724 gulus
290 652 623 705 extrinsecus
669 652 883 721 positus
930 652 1138 705 utrouis
1181 652 1383 722 angulo
1423 650 1682 704 interiore
1723 652 1778 702 et

84 742 337 812 opposito
378 741 551 794 maior
591 743 695 809 est3
735 740 878 810 quod
918 743 1036 792 erat
1075 739 1572 794 demonstrandum.

841 887 1015 941 XVII.

194 977 447 1033 Cuiusuis
479 977 745 1047 trianguli
777 977 882 1030 duo
910 977 1097 1047 anguli
1123 977 1331 1031 duobus
1356 979 1518 1032 rectis
1542 961 1780 1031 minores

113 1088 170 1134 Α
799 1069 929 1119 sunt
969 1085 1184 1137 quoquo
1228 1068 1388 1121 modo
1429 1067 1719 1122 coniuncti.

908 1153 990 1208 Sit
1036 1156 1344 1226 triangulus
1385 1159 1563 1210 ΑΒΓ.
1646 1157 1781 1226 ditm,

797 1245 1026 1315 angulos
1092 1244 1226 1298 duos
1289 1246 1555 1317 trianguli
1618 1247 1790 1299 ΑΒΓ

161 1363 166 1375 ,
795 1333 1004 1386 duobus
1044 1335 1205 1387 rectis
1246 1335 1483 1389 minores
1510 1354 1627 1390 esse
1653 1354 1782 1407 quo-

138 1433 192 1481 B
485 1434 549 1482 Γ
666 1431 720 1480 Δ
801 1441 905 1492 quo
946 1423 1108 1477 modo
1150 1425 1484 1480 coniunctos,

194 1513 521 1582 producatur
561 1513 702 1566 enim
743 1514 854 1565 ΒΓ
887 1512 955 1565 ad
995 1517 1063 1567 A.
1125 1516 1180 1566 et
1219 1514 1478 1583 quoniam
1517 1514 1576 1567 in
1614 1514 1784 1567 trian-

85 1602 214 1672 gulo
246 1604 418 1655 ΑΒΓ
435 1602 767 1654 extrinsecus
807 1601 1019 1671 positus
1061 1605 1144 1655 est
1175 1603 1409 1674 angulus
1433 1607 1632 1672 ΑΓΔ,
1672 1623 1784 1657 ma-

86 1691 170 1743 ior
208 1694 292 1743 est
324 1691 526 1761 angulo
558 1691 815 1744 interiore
848 1693 903 1744 et
935 1691 1187 1761 opposito
1211 1694 1389 1745 ΑΒΓ
1418 1695 1591 1762 [prop.
1615 1691 1786 1760 XVI}

87 1780 387 1833 eommunis
428 1779 713 1832 adficiatur
752 1782 933 1832 ΑΓΒ.
987 1780 1170 1850 itaque

241 1871 407 1922 ΑΓΔ
435 1870 500 1935 -Ι-
529 1871 692 1921 ΑΓΒ
717 1876 774 1928 >
800 1871 1058 1937 ΑΒΓ-ῐ-
1086 1872 1245 1923 ΒΓΑ
1286 1873 1354 1938 [κ.
1396 1872 1508 1924 ἔνν.
1546 1872 1622 1938 4].

197 1976 386 2010 uerum
423 1960 588 2010 ΑΓΔ
615 1959 681 2024 -Ι-
709 1960 874 2010 ΑΓΒ
915 1957 1124 2011 duobus
1166 1960 1327 2012 rectis
1369 1961 1617 2029 aequales
1659 1964 1787 2014 sunt

88 2049 261 2116 [prop.
300 2045 472 2113 XIII].
533 2047 716 2116 itaque
755 2049 930 2100 ΑΒΓ
950 2048 1016 2114 -1-
1043 2049 1203 2101 ΒΓΑ
1243 2047 1451 2102 duobus
1490 2049 1651 2103 rectis
1692 2051 1789 2103 mi·

86 2153 244 2188 nores
288 2139 428 2188 sunt.
477 2136 730 2189 similiter
769 2136 1280 2207 demonstrabimUS,
1321 2138 1486 2191 etiam
1526 2141 1698 2192 ΒΑΓ
1717 2141 1784 2206 -1-

87 2226 251 2277 ΑΓΒ
299 2228 354 2278 et
398 2227 677 2295 praeterea
717 2227 881 2278 ΓΑΒ
910 2229 976 2293 -l—
1003 2228 1177 2279 ΑΒΓ
1217 2226 1427 2280 duobus
1475 2228 1638 2281 rectis
1691 2229 1790 2282 mi-

88 2331 247 2366 nores
287 2332 419 2367 esse.

199 2400 350 2472 Ergo
400 2404 637 2456 cuiusuis
677 2403 943 2474 trianguli
989 2405 1093 2458 duo
1143 2406 1332 2477 anguli
1379 2407 1587 2461 duobus
1627 2408 1789 2461 rectis

92 2490 329 2544 minores
378 2495 507 2545 sunt
553 2510 770 2563 quoquo
821 2492 983 2547 modo
1024 2495 1318 2565 coniuncti3
1366 2497 1510 2566 quod
1549 2499 1665 2549 erat
1703 2497 1790 2550 de-

90 2580 520 2634 monstrandum.
1218 2588 1222 2592 ’

209 2725 354 2772 XVII.
389 2727 580 2772 Proclus
613 2743 658 2784 p.
689 2732 797 2785 184,
817 2733 856 2772 1.
912 2728 1105 2774 Boetius
1137 2747 1182 2788 p.
1209 2735 1400 2785 381,19.

90 2833 162 2874 24.
199 2826 442 2883 ἐλάττονες
472 2832 520 2877 F.
644 2830 764 2877 εἰσιν
797 2833 900 2890 PF;
943 2847 1094 2891 comp.
1128 2834 1173 2879 b.
1297 2836 1472 2895 δεῖξαι]
1507 2837 1703 2894 ποιῆσαι
1735 2837 1788 2894 V,

91 2887 175 2933 sed
206 2904 345 2948 supra
375 2905 460 2936 scr.
494 2891 648 2945 δεῖξαι
679 2907 739 2938 m.
768 2897 806 2936 1.
