1956 3074
521 101 982 144 ELEMENTORUM
1012 102 1196 143 LIBER
1226 101 1308 144 111.
1668 98 1776 151 249

89 223 146 275 in
177 239 302 274 arcu
326 224 442 273 BA
465 223 710 273 sumatur
742 219 1020 290 quodlibet
1049 222 1312 289 punctum
1347 221 1408 288 Γ,
1442 222 1496 272 et
1518 219 1782 272 ducantur

86 315 140 363 A
150 314 220 379 A,
260 311 385 378 ΔΓ,
424 312 541 362 ΓΒ.
583 311 637 360 et
675 308 929 377 quoniam
962 308 1223 361 circulum
1255 310 1478 360 ΑΒΓΔ
1510 308 1783 377 contingit

85 402 230 453 recta
283 401 392 450 EZ
456 398 512 450 in
561 400 631 467 Β,
693 399 747 449 et
794 415 826 449 a
870 399 1071 465 puncto
1119 398 1401 449 contactus
1456 396 1524 448 ad
1574 396 1783 449 contin-

87 490 301 559 gentem
335 485 799 554 perpendicularis
833 486 997 537 ducta
1028 487 1111 537 est
1141 488 1264 553 BA,
1303 484 1361 536 in
1394 487 1504 537 BA
1537 486 1783 537 centrum

90 577 192 630 erit
231 575 414 629 circuli
453 577 675 627 ΑΒΓΔ
708 575 883 642 [prop.
915 572 1087 640 XIX].
1125 573 1309 642 itaque
1341 575 1452 625 BA
1483 571 1781 625 diametrus

90 668 172 719 est
210 664 393 718 circuli
420 668 473 716 Α
483 666 660 716 ΒΓΔ.
717 680 881 732 quare
921 667 956 724 L,
987 667 1041 714 A
1051 666 1177 731 AB,
1216 662 1308 732 qui
1346 661 1405 714 in
1445 660 1783 715 semicirculo

91 754 298 823 positus
339 755 438 821 est,
477 755 656 805 rectus
697 754 781 804 est
822 754 996 821 [prop.
1021 750 1242 817 XXXI}
1283 767 1411 821 ergo
1451 750 1647 819 reliqui

693 844 865 893 ΒΑΔ
891 842 958 907 -†-
993 843 1172 892 ΑΒΔ

87 930 180 983 uni
217 933 364 983 recto
405 927 656 998 aequales
698 930 826 980 sunt
867 926 932 996 [I‚
971 927 1082 994 32].
1125 946 1314 980 uerum
1356 927 1522 980 etiam
1555 931 1590 989 A,
1615 929 1781 979 ABZ

85 1021 263 1073 rectus
325 1020 422 1071 est.
497 1017 682 1084 itaque
737 1020 772 1077 l,
798 1018 906 1068 AB
917 1019 962 1067 Z
988 1041 1058 1058 =
1083 1019 1262 1080 ΒΑΔ
1288 1017 1355 1083 -Ι-
1382 1018 1571 1068 ΑΒΔ.
1658 1014 1780 1068 sub-

86 1107 348 1176 trahatur,
389 1105 483 1175 qui
523 1104 827 1158 communis
867 1107 967 1173 est,
1007 1108 1042 1166 L
1066 1108 1120 1156 A
1130 1106 1258 1157 BA.
1331 1104 1513 1174 itaque

658 1198 693 1256 l.
718 1196 886 1246 ABZ
913 1218 983 1235 =
1008 1181 1200 1261 ΒΑΔ,

89 1285 180 1354 qui
227 1285 285 1336 in
331 1284 542 1336 alterno
582 1285 862 1353 segmento
903 1276 1091 1335 circuli
1129 1282 1341 1350 positus
1382 1284 1480 1335 est.
1557 1284 1612 1333 et
1650 1298 1782 1350 quo-

90 1373 238 1426 niam
292 1371 715 1440 quadrilaterum
769 1371 826 1422 in
881 1371 1079 1423 circulo
1126 1370 1368 1439 positum
1416 1373 1501 1423 est
1540 1371 1781 1438 ΑΒΓΔ,

89 1459 328 1528 oppositi
390 1459 574 1529 anguli
646 1459 760 1512 eius
833 1458 1041 1512 duobus
1110 1458 1273 1510 rectis
1337 1457 1589 1527 aequales
1653 1460 1782 1511 sunt

89 1548 262 1617 [prop.
314 1547 511 1614 XXIIJ.
591 1547 684 1600 sed
748 1547 913 1600 etiam
976 1551 1011 1609 L
1044 1549 1211 1599 ABZ
1238 1547 1305 1614 -Ι-
1334 1549 1512 1599 ΔΒΕ
1570 1546 1780 1600 duobus

90 1637 255 1689 rectis
297 1640 425 1689 sunt
465 1637 721 1706 aequales
764 1635 964 1705 [I‚13].
1018 1636 1199 1704 itaque

402 1728 570 1778 ABZ
598 1726 665 1791 -1-
693 1727 865 1776 ΔΒΕ
887 1750 957 1767 =
983 1727 1162 1777 BAA
1188 1725 1254 1791 -†—
1282 1725 1469 1792 ΒΓΔ,

96 1831 322 1884 quorum
362 1819 398 1875 L
423 1817 598 1866 BAA
624 1837 694 1856 =
721 1815 904 1881 ABZ,
943 1815 1004 1865 ut
1043 1812 1473 1866 demonstratum
1514 1816 1612 1866 est.
1682 1813 1784 1865 ita-

91 1920 192 1972 que
229 1907 264 1965 L
291 1905 465 1955 ABE
488 1927 556 1945 =
584 1903 774 1971 ΔΓΒ,
815 1900 907 1970 qui
946 1900 1005 1953 in
1043 1901 1253 1954 alterno
1286 1903 1567 1972 segmento
1601 1901 1785 1954 circuli

98 1993 262 2044 ΔΓΒ
301 1990 512 2060 positus
553 1992 649 2043 est.

198 2079 351 2150 Ergo
393 2080 438 2132 si
477 2082 631 2132 recta
670 2078 930 2131 circulum
963 2077 1246 2148 contingit,
1286 2080 1341 2131 et
1373 2097 1405 2131 a
1435 2079 1635 2147 puncto
1661 2095 1783 2130 con-

90 2171 266 2222 tactus
313 2169 371 2220 in
416 2167 674 2221 circulum
722 2166 1040 2236 producitur
1084 2169 1234 2220 recta
1281 2185 1470 2220 secans
1510 2166 1784 2235 circulum,

92 2257 298 2327 anguli,
354 2275 490 2326 quos
543 2257 678 2308 haec
736 2274 856 2309 cum
904 2255 1242 2325 contingenti
1289 2254 1474 2324 efficit,
1530 2255 1783 2324 aequales

94 2348 249 2398 erunt
310 2345 524 2415 angulis
586 2345 643 2396 in
698 2344 921 2397 alternis
975 2344 1269 2414 segmentis
1326 2344 1510 2397 circuli
1563 2343 1781 2414 positis;

95 2432 236 2503 quod
267 2438 386 2486 erat
423 2433 918 2486 demonstrandum.

93 2633 196 2682 αἱ
172 2634 265 2682 υπὸ
300 2641 447 2695 BAA,
472 2641 626 2683 ΔΓΒ.
766 2642 835 2682 15.
869 2635 960 2682 εἶσὶ
991 2635 1129 2683 δέ-
1156 2643 1224 2683 16.
1258 2638 1376 2696 ἴσαι]
1410 2638 1446 2681 Ρ
1479 2635 1658 2694 (eloim)
1692 2651 1782 2683 om.

93 2673 950 2768 Tbeon(BFVp).17.ABZ]
961 2697 1053 2741 litt
1087 2699 1175 2740 AB
1209 2709 1233 2741 e
1266 2710 1380 2742 con.
1414 2711 1473 2740 m
1504 2701 1526 2740 1
1559 2697 1610 2742 F.
1730 2697 1785 2742 In

93 2767 379 2871 pseqnmg.
364 2770 461 2802 ..m
475 2761 520 2800 1:
555 2756 615 2801 αἵ
638 2755 728 2801 εἰσι
759 2756 896 2800 δυσὶν
928 2752 1078 2825 ὀρθαῐ
1058 2772 1099 2806 ις
1130 2756 1229 2799 ἴσαι
1260 2751 1339 2799 διὰ
1373 2753 1427 2800 τὸ
1460 2751 1665 2801 εὐθεῖαν
1695 2752 1783 2813 τὴν

326 2811 526 2860 effoetum
558 2817 657 2873 (·αν
688 2829 783 2860 non
813 2811 1100 2872 1ἰᾳυείι)τὴν
1132 2816 1219 2859 ΕΖ
1251 2811 1312 2866 ὡς
1346 2813 1394 2859 ἔτ
1371 2830 1479 2872 τυχε
1516 2811 1592 2860 ἔστ
1568 2811 1722 2860 niven.

93 2812 180 2917 ξεί.
195 2874 313 2932 τοῖς]
342 2873 501 2920 insert.
533 2889 593 2919 m.
620 2879 646 2919 2
679 2873 729 2920 F.
