1956 3074
156 122 264 175 184
750 166 760 174 .
792 129 1132 174 ΣΤΟΙΧΕῙῼΝ
1160 126 1224 187 γ’.

151 242 268 312 μέν
308 244 488 299 ἐστιν
527 242 562 316 ἡ
603 244 713 301 διὰ
750 250 860 302 τοῦ
891 248 1191 319 κέντρου,
1230 253 1359 305 τῶν
1392 250 1462 307 δὲ
1492 250 1712 308 ἄλλων
1742 253 1848 310 ἀεὶ

151 326 184 400 ἡ
233 333 460 402 ἔγγιον
514 336 627 405 τῆς
681 333 789 389 διὰ
828 340 947 391 τοῦ
994 337 1288 409 κέντρουξ
1331 342 1445 410 τῆς
1506 337 1847 414 ἀπώτερον

150 423 390 489 μείζων
445 423 652 494 ἐστίν,
706 427 835 480 τῶν
890 424 961 481 δὲ
1007 425 1177 498 πρὸς
1221 425 1341 498 τὴν
1379 427 1624 500 κυρτὴν
1663 449 1844 501 περι-

150 508 427 581 φέρειαν
467 517 1027 584 προσπιπτουσῶν
1066 513 1354 572 εὐθειῶν
1388 519 1694 589 ἐλαχίστη
1727 520 1847 590 μέν

90 605 117 646 5
150 598 331 654 ἐστιν
385 596 420 670 ἡ
476 599 716 671 μεταξὺ
770 606 888 658 τοῦ
941 624 1007 658 τε
1063 608 1342 675 σημείου
1387 605 1494 659 καὶ
1541 609 1653 677 τῆς
1704 610 1847 663 δια·

148 686 414 759 μέτρου,
466 691 596 745 τῶν
651 688 720 745 δὲ
767 689 986 746 ἄλλων
1034 690 1138 747 ἀεὶ
1183 690 1218 763 ἡ
1267 697 1494 764 ἔγγιον
1545 699 1657 766 τῆς
1695 698 1845 752 ἐλα-

147 779 374 847 χίστης
426 781 538 848 τῆς
601 775 944 852 ἀπώτερόν
1000 782 1180 837 ἐστιν
1241 781 1550 854 ἐλάττων,
1606 783 1725 840 δύο
1774 784 1846 840 δὲ

147 863 357 934 μόνον
414 873 551 922 ἴσαι
606 864 730 923 ἀπὸ
792 872 910 924 τοῦ
974 873 1252 941 σημείου
1305 876 1845 943 προσπεσοῦνται

146 951 308 1023 πρὸς
345 952 460 1011 τὸν
499 954 745 1012 κύκλον
785 955 881 1029 ἐφ’
926 957 1210 1031 ἑκάτερα
1248 962 1360 1031 τῆς
1399 962 1760 1032 ἐλαχίστης.

62 1048 118 1090 10
247 1041 428 1100 ’Ἑστω
467 1044 670 1112 κύκλος
710 1043 740 1101 ὁ
782 1052 972 1118 ΑΒΓ,
1018 1048 1110 1103 καὶ
1148 1052 1250 1104 τοῦ
1290 1054 1465 1104 ΑΒΓ
1495 1049 1751 1120 εἰλήφθω
1791 1072 1844 1105 τι

146 1143 378 1203 σημεῖον
434 1132 587 1200 ἐκτὸς
632 1134 695 1191 τὸ
736 1142 816 1206 Δ,
871 1136 965 1191 καὶ
1011 1135 1107 1192 ἀπ’
1158 1134 1333 1194 αὐτοῦ
1385 1137 1716 1210 διήχθωσαν
1754 1135 1844 1194 εὐ-

143 1225 306 1277 θεῖαί
337 1243 485 1289 τινες
524 1225 586 1278 αἰ
622 1231 762 1295 ΔΑ,
811 1231 950 1289 ΔΕ,
1001 1232 1135 1297 ΔΖ,
1185 1232 1318 1297 ΔΓ,
1368 1231 1506 1282 ἔστω
1547 1226 1610 1283 δὲ
1648 1224 1683 1298 ἡ
1726 1234 1844 1282 ΔΑ

145 1307 239 1365 διὰ
278 1313 382 1367 τοῦ
419 1314 669 1383 κέντρου.
715 1315 875 1385 λέγω,
916 1312 1002 1370 ὅτι
1040 1317 1153 1370 τῶν
1185 1314 1287 1385 μὲν
1317 1313 1457 1383 πρὸς
1486 1316 1588 1387 τὴν
1621 1320 1854 1371 ΑΕΖΓ

143 1403 341 1471 κοίλην
387 1403 747 1474 περιφέρειαν
794 1407 1262 1475 προσπιπτουσῶν
1310 1403 1554 1460 εὐθειῶν
1609 1409 1840 1476 μεγίστη

55 1491 110 1533 15
143 1489 245 1559 μέν
323 1490 474 1546 ἐστιν
549 1488 584 1562 ἡ
656 1489 750 1547 διὰ
825 1495 928 1547 τοῦ
1004 1493 1240 1565 κέντρου
1315 1492 1349 1565 ἡ
1421 1500 1563 1564 ΔΑ,
1640 1498 1844 1565 μείζων

144 1576 207 1634 δὲ
261 1575 295 1650 ἡ
351 1578 453 1651 μὲν
509 1586 626 1636 ΔΕ
682 1582 780 1652 τῆς
835 1587 942 1636 ΔΖ
997 1579 1032 1653 ἡ
1091 1581 1154 1638 δὲ
1215 1588 1325 1637 ΔΖ
1379 1585 1478 1654 τῆς
1537 1587 1672 1653 ΔΓ,
1727 1586 1842 1639 τῶν

143 1666 206 1723 δὲ
274 1666 414 1740 πρὸς
482 1667 586 1740 τὴν
643 1674 907 1725 ΘΛΚΗ
965 1667 1176 1742 κυρτὴν
1244 1671 1604 1743 περιφέρειαν
1672 1686 1836 1743 προσ-

141 1759 467 1813 πιπτουσῶν
528 1754 772 1813 εὐθειῶν
835 1760 1090 1831 ἐλαχίστη
1153 1759 1256 1830 μέν
1319 1761 1470 1815 ἐστιν
1531 1757 1565 1831 ἡ
1628 1766 1756 1816 ΔΗ
1802 1758 1839 1831 ἡ

142 1843 347 1916 μεταξὺ
389 1849 492 1901 τοῦ
540 1850 774 1917 σημείου
811 1847 904 1902 καὶ
942 1851 1041 1919 τῆς
1081 1848 1383 1921 διαμέτρου
1420 1852 1518 1920 τῆς
1556 1855 1702 1920 ΑΗ,
1749 1848 1839 1904 ἀεὶ

264 2030 303 2069 1.
338 2019 482 2082 ἐστιν]
519 2021 649 2069 ἔσται
681 2026 731 2070 Β.
853 2025 968 2070 Post
998 2023 1196 2083 κέντρου
1229 2027 1336 2071 add.
1368 2027 1427 2071 P:
1470 2023 1685 2085 ἐλαχίστη
1716 2027 1770 2073 δὲ
1806 2025 1839 2085 ἡ

142 2080 318 2141 μεταξὺ
353 2083 437 2128 τοῦ
470 2099 519 2128 τε
554 2085 750 2141 σημείου
783 2085 865 2129 καὶ
896 2085 979 2141 τῆς
1010 2084 1264 2143 διαμέτρου
1296 2088 1676 2143 προσπίπτουσα,
1708 2086 1837 2132 idem

139 2158 186 2200 Ρ,
220 2141 391 2187 omisso
438 2144 817 2199 προσπίπτουσας
865 2144 955 2189 del.
988 2159 1048 2189 m.
1075 2150 1123 2199 23
1174 2141 1390 2202 ἐλαχίστη
1423 2145 1510 2202 μέν
1543 2141 1670 2191 ἐστιν
1703 2147 1835 2204 (huc-

141 2216 289 2259 usque
315 2203 370 2259 φ)
402 2196 432 2258 ἡ
458 2199 635 2258 μεταξὺ
667 2203 752 2247 τοῦ
784 2218 834 2248 τε
868 2205 1064 2261 σημείου
1095 2205 1179 2249 καὶ
1208 2205 1292 2260 τῆς
1322 2203 1580 2263 διαμέτρου
1611 2205 1663 2260 F,
1695 2219 1841 2263 supra

140 2260 315 2318 scripto
347 2263 376 2319 β
406 2276 468 2305 m.
501 2265 550 2315 23
582 2275 724 2318 supra
754 2263 847 2306 τῶν
877 2262 959 2307 lin.
986 2268 1008 2307 1
1045 2278 1131 2308 scr.
1166 2281 1196 2308 α
1229 2279 1287 2308 m.
1315 2270 1355 2310 2.
1449 2263 1524 2324 δέ]
1559 2260 1608 2308 δ’
1642 2265 1692 2309 Β.
1793 2270 1834 2309 2.

141 2319 326 2378 ἔγγειον
357 2319 410 2365 Ρ.
517 2318 773 2375 ἀπώτερων
804 2320 854 2377 P,
887 2318 1112 2379 ἀπωτέρω
1144 2338 1189 2380 p.
1296 2329 1336 2368 3.
1372 2318 1516 2381 ἐστίν]
1547 2323 1649 2378 PF;
1683 2337 1833 2382 comp.

137 2395 192 2437 p;
227 2375 329 2425 ἐστι’
337 2379 400 2434 V;
435 2377 565 2424 ἔσται
596 2379 648 2423 Β.
771 2385 814 2427 4.
847 2376 1184 2438 ἐλαχίστη-5.
1209 2381 1484 2442 διαμέτρου]
1518 2399 1612 2442 mg.
1643 2399 1704 2428 m.
1723 2389 1749 2428 2
1776 2385 1836 2438 P;

139 2453 280 2496 om.p
314 2440 363 2484 et
385 2439 436 2495 F,
468 2453 610 2497 supra
643 2434 850 2484 εὐθειῶν
884 2441 958 2484 est
988 2443 1016 2499 β
1047 2446 1161 2487 m.2.
1315 2447 1354 2487 5.
1390 2437 1535 2501 ἐστιν]
1568 2441 1671 2499 PV,
1704 2441 1835 2488 ἔσται

137 2498 188 2542 Β.
343 2503 384 2543 6.
424 2499 517 2543 τῶν
550 2496 603 2544 δὲ
636 2495 811 2558 ἄλλων]
845 2513 936 2544 om.
967 2516 1014 2557 Ρ,
1047 2501 1151 2547 add.
1185 2517 1245 2547 m.
1273 2506 1299 2546 2
1330 2501 1428 2548 PF.
1581 2498 1628 2546 δ’
1663 2502 1713 2546 Β.

140 2555 325 2615 ἔγγειον
356 2558 408 2602 Ρ.
542 2563 582 2603 7.
615 2553 843 2616 ἀπωτέρω
874 2559 966 2616 ΡΡ.
1090 2555 1293 2606 ἐλάττων
1325 2560 1390 2617 (in
1421 2574 1510 2607 ras,
1542 2576 1604 2607 m.
1631 2563 1676 2618 1)
1708 2556 1834 2605 ἐστίν

137 2633 182 2676 p.
337 2612 486 2677 ἐστιν]
520 2615 651 2663 ἔσται
680 2617 733 2662 Β.
887 2614 1093 2664 ἐλάσσων
1125 2620 1175 2667 F.
1321 2625 1361 2664 8.
1396 2620 1514 2679 ἴσαι]
1546 2621 1584 2665 Ρ
1614 2635 1676 2666 m.
1703 2625 1743 2676 1,
1775 2619 1834 2689 F,-

138 2691 227 2723 om.
258 2691 312 2734 p3
359 2672 552 2722 εὐθεῖαι
583 2678 684 2722 ἴσαι
716 2678 779 2731 Β;
828 2679 925 2723 ἴσαι
958 2674 1150 2724 εὐθεῖαι
1180 2678 1236 2735 V,
1267 2679 1305 2723 P
1336 2695 1398 2724 m.
1423 2685 1464 2725 2.
1609 2680 1715 2739 τοῦ]
1747 2695 1832 2725 του

137 2731 286 2782 αὐτοῦ
316 2736 368 2782 Β.
492 2741 532 2783 9.
565 2733 702 2796 πρός]
738 2738 835 2782 ἴσαι
865 2734 984 2795 πρός
1006 2753 1052 2796 p.
1177 2743 1244 2784 10.
1278 2738 1393 2784 Post
1426 2737 1541 2784 ἔστω
1573 2753 1662 2784 ras.
1697 2744 1720 2783 1
1739 2739 1833 2783 litt.

135 2796 190 2841 V.
315 2798 398 2841 καὶ
427 2796 512 2840 τοῦ
545 2797 706 2856 ΑΒΓ]
741 2811 831 2842 om.
863 2797 915 2842 F.
1046 2794 1225 2855 εἰλήφω
1259 2815 1309 2855 φ.
1436 2803 1505 2844 12.
1536 2797 1679 2856 τινες]
1713 2799 1763 2854 Ρ,
1795 2797 1834 2843 F

135 2870 197 2901 m.
228 2860 266 2910 1,
298 2853 342 2899 V
372 2869 432 2899 m.
462 2860 508 2909 13
555 2870 681 2907 τινες
713 2852 831 2911 πρὸς
861 2853 946 2902 τὸν
976 2852 1150 2901 κύκλον
1182 2858 1284 2915 ΒΡ,
1316 2858 1352 2902 F
1385 2873 1446 2902 m.
1472 2863 1514 2911 2,
1545 2857 1589 2900 V
1620 2873 1680 2902 m.
1707 2861 1748 2900 2.

136 2915 190 2959 In
220 2914 325 2971 ipsa
354 2914 677 2972 propositione
708 2914 948 2974 Augustus
989 2931 1072 2961 suo
1112 2916 1309 2962 arbitrio
1341 2916 1552 2962 ordinem
1584 2917 1832 2962 uerborum
