<?xml version="1.0" encoding="UTF-8"?>
<!DOCTYPE html PUBLIC "-//W3C//DTD XHTML 1.0 Transitional//EN"
    "http://www.w3.org/TR/xhtml1/DTD/xhtml1-transitional.dtd">
<html xmlns="http://www.w3.org/1999/xhtml" xml:lang="en" lang="en">
 <head>
  <title>
</title>
<meta http-equiv="Content-Type" content="text/html;charset=utf-8" />
  <meta name='ocr-system' content='tesseract 3.04.00' />
  <meta name='ocr-capabilities' content='ocr_page ocr_carea ocr_par ocr_line ocrx_word'/>
</head>
<body>
  <div class='ocr_page' id='page_1' title='image "./euclidisoperaomn01eucluoft_0274.png"; bbox 0 0 1956 3074; ppageno 0'>
   <div class='ocr_carea' id='block_1_1' title="bbox 221 86 1296 146">
    <p class='ocr_par' dir='ltr' id='par_1_1' title="bbox 221 86 1296 146">
     <span class='ocr_line' id='line_1_1' title="bbox 221 86 1296 146; baseline -0.01 -3"><span class='ocrx_word' id='word_1_1' title='bbox 221 89 332 143; x_wconf 83' lang='lat'><strong><em>260</em></strong></span> <span class='ocrx_word' id='word_1_2' title='bbox 864 89 1203 134; x_wconf 60' lang='lat' dir='ltr'>moun-1211</span> <span class='ocrx_word' id='word_1_3' title='bbox 1232 86 1296 146; x_wconf 55' lang='grc' dir='ltr'><strong><em>γ’.</em></strong></span> 
     </span>
    </p>
   </div>
   <div class='ocr_carea' id='block_1_2' title="bbox 138 204 1934 1707">
    <p class='ocr_par' dir='ltr' id='par_1_2' title="bbox 138 204 1934 1707">
     <span class='ocr_line' id='line_1_2' title="bbox 226 204 1926 280; baseline -0.001 -15"><span class='ocrx_word' id='word_1_4' title='bbox 226 208 342 265; x_wconf 84' lang='grc' dir='ltr'><strong><em>ἐστὶ</em></strong></span> <span class='ocrx_word' id='word_1_5' title='bbox 380 206 445 263; x_wconf 89' lang='grc' dir='ltr'><strong><em>τὸ</em></strong></span> <span class='ocrx_word' id='word_1_6' title='bbox 486 204 596 264; x_wconf 75' lang='grc' dir='ltr'><strong><em>ἀπὸ</em></strong></span> <span class='ocrx_word' id='word_1_7' title='bbox 636 211 735 279; x_wconf 82' lang='grc' dir='ltr'><strong><em>τῆς</em></strong></span> <span class='ocrx_word' id='word_1_8' title='bbox 773 211 900 264; x_wconf 87' lang='grc' dir='ltr'><strong><em>ΖΓ·</em></strong></span> <span class='ocrx_word' id='word_1_9' title='bbox 936 205 1000 263; x_wconf 82' lang='grc' dir='ltr'><strong><em>τὸ</em></strong></span> <span class='ocrx_word' id='word_1_10' title='bbox 1042 205 1155 280; x_wconf 73' lang='grc' dir='ltr'><strong><em>ὅρα</em></strong></span> <span class='ocrx_word' id='word_1_11' title='bbox 1192 204 1303 263; x_wconf 82' lang='grc' dir='ltr'><strong><em>ὑπὸ</em></strong></span> <span class='ocrx_word' id='word_1_12' title='bbox 1342 210 1458 264; x_wconf 78' lang='grc' dir='ltr'><strong><em>τῶν</em></strong></span> <span class='ocrx_word' id='word_1_13' title='bbox 1490 214 1618 278; x_wconf 90' lang='grc' dir='ltr'><strong><em>ΑΕ,</em></strong></span> <span class='ocrx_word' id='word_1_14' title='bbox 1658 213 1769 264; x_wconf 88' lang='grc' dir='ltr'><strong><em>ΕΓ</em></strong></span> <span class='ocrx_word' id='word_1_15' title='bbox 1793 208 1926 279; x_wconf 80' lang='grc' dir='ltr'><strong><em>μετὰ</em></strong></span> 
     </span>
     <span class='ocr_line' id='line_1_3' title="bbox 226 294 1930 372; baseline 0.002 -20"><span class='ocrx_word' id='word_1_16' title='bbox 226 300 330 352; x_wconf 87' lang='grc' dir='ltr'><strong><em>τοῦ</em></strong></span> <span class='ocrx_word' id='word_1_17' title='bbox 384 295 494 352; x_wconf 84' lang='grc' dir='ltr'><strong><em>ἀπὸ</em></strong></span> <span class='ocrx_word' id='word_1_18' title='bbox 534 300 634 369; x_wconf 84' lang='grc' dir='ltr'><strong><em>τῆς</em></strong></span> <span class='ocrx_word' id='word_1_19' title='bbox 675 303 783 353; x_wconf 93' lang='grc' dir='ltr'><strong><em>ΖΕ</em></strong></span> <span class='ocrx_word' id='word_1_20' title='bbox 819 303 945 353; x_wconf 77' lang='grc' dir='ltr'><strong><em>ἴσον</em></strong></span> <span class='ocrx_word' id='word_1_21' title='bbox 986 297 1099 353; x_wconf 83' lang='grc' dir='ltr'><strong><em>ἐστὶ</em></strong></span> <span class='ocrx_word' id='word_1_22' title='bbox 1139 299 1215 372; x_wconf 79' lang='grc' dir='ltr'><strong><em>τῷ</em></strong></span> <span class='ocrx_word' id='word_1_23' title='bbox 1256 294 1367 352; x_wconf 77' lang='grc' dir='ltr'><strong><em>ἀπὸ</em></strong></span> <span class='ocrx_word' id='word_1_24' title='bbox 1406 299 1504 368; x_wconf 81' lang='grc' dir='ltr'><strong><em>τῆς</em></strong></span> <span class='ocrx_word' id='word_1_25' title='bbox 1542 301 1658 353; x_wconf 93' lang='grc' dir='ltr'><strong><em>ΖΓ.</em></strong></span> <span class='ocrx_word' id='word_1_26' title='bbox 1734 304 1826 368; x_wconf 80' lang='grc' dir='ltr'><strong><em>ἴση</em></strong></span> <span class='ocrx_word' id='word_1_27' title='bbox 1865 297 1930 355; x_wconf 74' lang='grc' dir='ltr'><strong><em>δὲ</em></strong></span> 
     </span>
     <span class='ocr_line' id='line_1_4' title="bbox 221 382 1930 459; baseline 0.001 -18"><span class='ocrx_word' id='word_1_28' title='bbox 221 382 258 457; x_wconf 83' lang='grc' dir='ltr'>ἡ</span> <span class='ocrx_word' id='word_1_29' title='bbox 299 389 407 441; x_wconf 92' lang='grc' dir='ltr'><strong><em>ΖΓ</em></strong></span> <span class='ocrx_word' id='word_1_30' title='bbox 437 388 504 459; x_wconf 79' lang='grc' dir='ltr'><strong><em>τῇ</em></strong></span> <span class='ocrx_word' id='word_1_31' title='bbox 548 391 679 441; x_wconf 89' lang='grc' dir='ltr'><strong><em>ΖΒ·</em></strong></span> <span class='ocrx_word' id='word_1_32' title='bbox 741 384 804 441; x_wconf 91' lang='grc' dir='ltr'><strong><em>τὸ</em></strong></span> <span class='ocrx_word' id='word_1_33' title='bbox 861 383 971 456; x_wconf 79' lang='grc' dir='ltr'><strong><em>ἄρα</em></strong></span> <span class='ocrx_word' id='word_1_34' title='bbox 1017 382 1125 441; x_wconf 83' lang='grc' dir='ltr'><strong><em>ὑπὸ</em></strong></span> <span class='ocrx_word' id='word_1_35' title='bbox 1173 388 1288 440; x_wconf 79' lang='grc' dir='ltr'><strong><em>τῶν</em></strong></span> <span class='ocrx_word' id='word_1_36' title='bbox 1327 391 1462 456; x_wconf 90' lang='grc' dir='ltr'><strong><em>ΑΕ,</em></strong></span> <span class='ocrx_word' id='word_1_37' title='bbox 1511 390 1624 442; x_wconf 90' lang='grc' dir='ltr'><strong><em>ΕΓ</em></strong></span> <span class='ocrx_word' id='word_1_38' title='bbox 1654 384 1788 458; x_wconf 81' lang='grc' dir='ltr'><strong><em>μετὰ</em></strong></span> <span class='ocrx_word' id='word_1_39' title='bbox 1827 388 1930 443; x_wconf 89' lang='grc' dir='ltr'><strong><em>τοῦ</em></strong></span> 
     </span>
     <span class='ocr_line' id='line_1_5' title="bbox 223 471 1929 549; baseline -0.001 -19"><span class='ocrx_word' id='word_1_40' title='bbox 223 471 333 530; x_wconf 76' lang='grc' dir='ltr'><strong><em>ἀπὸ</em></strong></span> <span class='ocrx_word' id='word_1_41' title='bbox 385 477 484 545; x_wconf 83' lang='grc' dir='ltr'><strong><em>τῆς</em></strong></span> <span class='ocrx_word' id='word_1_42' title='bbox 535 480 639 530; x_wconf 90' lang='grc' dir='ltr'><strong><em>ΕΖ</em></strong></span> <span class='ocrx_word' id='word_1_43' title='bbox 697 482 837 530; x_wconf 76' lang='grc' dir='ltr'><strong><em>ἴσον.</em></strong></span> <span class='ocrx_word' id='word_1_44' title='bbox 878 474 994 529; x_wconf 82' lang='grc' dir='ltr'><strong><em>ἐστὶ</em></strong></span> <span class='ocrx_word' id='word_1_45' title='bbox 1048 476 1124 549; x_wconf 83' lang='grc' dir='ltr'><strong><em>τῳ”’</em></strong></span> <span class='ocrx_word' id='word_1_46' title='bbox 1180 471 1289 530; x_wconf 79' lang='grc' dir='ltr'><strong><em>ἀπὸ</em></strong></span> <span class='ocrx_word' id='word_1_47' title='bbox 1346 477 1445 545; x_wconf 81' lang='grc' dir='ltr'><strong><em>τῆς</em></strong></span> <span class='ocrx_word' id='word_1_48' title='bbox 1500 480 1614 531; x_wconf 94' lang='grc' dir='ltr'><strong><em>ΖΒ.</em></strong></span> <span class='ocrx_word' id='word_1_49' title='bbox 1717 473 1809 531; x_wconf 77' lang='grc' dir='ltr'><strong><em>διὰ</em></strong></span> <span class='ocrx_word' id='word_1_50' title='bbox 1861 473 1929 530; x_wconf 79' lang='grc' dir='ltr'><strong><em>τὰ</em></strong></span> 
     </span>
     <span class='ocr_line' id='line_1_6' title="bbox 165 560 1931 635; baseline 0.003 -21"><span class='ocrx_word' id='word_1_51' title='bbox 165 574 192 614; x_wconf 84' lang='grc'>5</span> <span class='ocrx_word' id='word_1_52' title='bbox 226 561 367 619; x_wconf 80' lang='grc' dir='ltr'><strong><em>αὐτὰ</em></strong></span> <span class='ocrx_word' id='word_1_53' title='bbox 409 560 479 634; x_wconf 84' lang='grc' dir='ltr'><strong><em>δὴ</em></strong></span> <span class='ocrx_word' id='word_1_54' title='bbox 524 563 615 617; x_wconf 89' lang='grc' dir='ltr'><strong><em>καὶ</em></strong></span> <span class='ocrx_word' id='word_1_55' title='bbox 655 561 717 619; x_wconf 87' lang='grc' dir='ltr'><strong><em>τὸ</em></strong></span> <span class='ocrx_word' id='word_1_56' title='bbox 760 560 871 619; x_wconf 82' lang='grc' dir='ltr'><strong><em>ὑπὸ</em></strong></span> <span class='ocrx_word' id='word_1_57' title='bbox 910 565 1025 619; x_wconf 78' lang='grc' dir='ltr'><strong><em>τῶν</em></strong></span> <span class='ocrx_word' id='word_1_58' title='bbox 1068 568 1199 633; x_wconf 88' lang='grc' dir='ltr'><strong><em>ΔΕ,</em></strong></span> <span class='ocrx_word' id='word_1_59' title='bbox 1239 568 1346 618; x_wconf 91' lang='grc' dir='ltr'><strong><em>ΕΒ</em></strong></span> <span class='ocrx_word' id='word_1_60' title='bbox 1377 561 1511 634; x_wconf 77' lang='grc' dir='ltr'><strong><em>μετὰ</em></strong></span> <span class='ocrx_word' id='word_1_61' title='bbox 1552 566 1654 619; x_wconf 86' lang='grc' dir='ltr'><strong><em>τοῦ</em></strong></span> <span class='ocrx_word' id='word_1_62' title='bbox 1693 561 1802 619; x_wconf 76' lang='grc' dir='ltr'><strong><em>ἀπὸ</em></strong></span> <span class='ocrx_word' id='word_1_63' title='bbox 1834 566 1931 635; x_wconf 82' lang='grc' dir='ltr'><strong><em>τῆς</em></strong></span> 
     </span>
     <span class='ocr_line' id='line_1_7' title="bbox 227 649 1929 728; baseline -0.001 -20"><span class='ocrx_word' id='word_1_64' title='bbox 227 659 335 708; x_wconf 87' lang='grc' dir='ltr'><strong><em>ΖΕ</em></strong></span> <span class='ocrx_word' id='word_1_65' title='bbox 386 659 515 709; x_wconf 79' lang='grc' dir='ltr'><strong><em>ἶσον</em></strong></span> <span class='ocrx_word' id='word_1_66' title='bbox 569 651 683 708; x_wconf 80' lang='grc' dir='ltr'><strong><em>ἐστὶ</em></strong></span> <span class='ocrx_word' id='word_1_67' title='bbox 731 655 806 728; x_wconf 78' lang='grc' dir='ltr'><strong><em>τῷ</em></strong></span> <span class='ocrx_word' id='word_1_68' title='bbox 854 649 965 708; x_wconf 78' lang='grc' dir='ltr'><strong><em>ἀπὸ</em></strong></span> <span class='ocrx_word' id='word_1_69' title='bbox 1016 654 1116 723; x_wconf 83' lang='grc' dir='ltr'><strong><em>τῆς</em></strong></span> <span class='ocrx_word' id='word_1_70' title='bbox 1158 657 1274 708; x_wconf 90' lang='grc' dir='ltr'><strong><em>ΖΒ.</em></strong></span> <span class='ocrx_word' id='word_1_71' title='bbox 1354 654 1581 724; x_wconf 80' lang='grc' dir='ltr'><strong><em>ἐδείχθη</em></strong></span> <span class='ocrx_word' id='word_1_72' title='bbox 1633 652 1695 708; x_wconf 76' lang='grc' dir='ltr'><strong><em>δὲ</em></strong></span> <span class='ocrx_word' id='word_1_73' title='bbox 1734 652 1826 708; x_wconf 80' lang='grc' dir='ltr'><strong><em>καὶ</em></strong></span> <span class='ocrx_word' id='word_1_74' title='bbox 1866 650 1929 708; x_wconf 90' lang='grc' dir='ltr'><strong><em>τὸ</em></strong></span> 
     </span>
     <span class='ocr_line' id='line_1_8' title="bbox 225 739 1930 818; baseline -0.001 -20"><span class='ocrx_word' id='word_1_75' title='bbox 225 739 335 798; x_wconf 81' lang='grc' dir='ltr'><strong><em>ὑπὸ</em></strong></span> <span class='ocrx_word' id='word_1_76' title='bbox 390 745 506 798; x_wconf 78' lang='grc' dir='ltr'><strong><em>τῶν</em></strong></span> <span class='ocrx_word' id='word_1_77' title='bbox 552 748 691 813; x_wconf 83' lang='grc' dir='ltr'><strong><em>ΑΕ,</em></strong></span> <span class='ocrx_word' id='word_1_78' title='bbox 750 746 860 797; x_wconf 88' lang='grc' dir='ltr'><strong><em>ΕΓ</em></strong></span> <span class='ocrx_word' id='word_1_79' title='bbox 899 739 1034 813; x_wconf 77' lang='grc' dir='ltr'><strong><em>μετὰ</em></strong></span> <span class='ocrx_word' id='word_1_80' title='bbox 1080 743 1183 798; x_wconf 85' lang='grc' dir='ltr'><strong><em>τοῦ</em></strong></span> <span class='ocrx_word' id='word_1_81' title='bbox 1228 739 1338 798; x_wconf 83' lang='grc' dir='ltr'><strong><em>ἀπὸ</em></strong></span> <span class='ocrx_word' id='word_1_82' title='bbox 1386 744 1483 813; x_wconf 83' lang='grc' dir='ltr'><strong><em>τῆς</em></strong></span> <span class='ocrx_word' id='word_1_83' title='bbox 1531 747 1637 796; x_wconf 92' lang='grc' dir='ltr'><strong><em>ΖΕ</em></strong></span> <span class='ocrx_word' id='word_1_84' title='bbox 1682 747 1808 797; x_wconf 73' lang='grc' dir='ltr'><strong><em>ἴσον</em></strong></span> <span class='ocrx_word' id='word_1_85' title='bbox 1854 743 1930 818; x_wconf 76' lang='grc' dir='ltr'><strong><em>τῷ</em></strong></span> 
     </span>
     <span class='ocr_line' id='line_1_9' title="bbox 227 826 1931 902; baseline 0 -17"><span class='ocrx_word' id='word_1_86' title='bbox 227 827 337 886; x_wconf 79' lang='grc' dir='ltr'><strong><em>ἀπὸ</em></strong></span> <span class='ocrx_word' id='word_1_87' title='bbox 369 833 469 901; x_wconf 86' lang='grc' dir='ltr'><strong><em>τῆς</em></strong></span> <span class='ocrx_word' id='word_1_88' title='bbox 499 836 633 886; x_wconf 90' lang='grc' dir='ltr'><strong><em>ΖΒ·</em></strong></span> <span class='ocrx_word' id='word_1_89' title='bbox 670 828 734 887; x_wconf 88' lang='grc' dir='ltr'><strong><em>τὸ</em></strong></span> <span class='ocrx_word' id='word_1_90' title='bbox 775 828 887 902; x_wconf 74' lang='grc' dir='ltr'><strong><em>ἄρα</em></strong></span> <span class='ocrx_word' id='word_1_91' title='bbox 924 826 1037 886; x_wconf 81' lang='grc' dir='ltr'><strong><em>ὑπὸ</em></strong></span> <span class='ocrx_word' id='word_1_92' title='bbox 1077 833 1190 886; x_wconf 76' lang='grc' dir='ltr'><strong><em>τῶν</em></strong></span> <span class='ocrx_word' id='word_1_93' title='bbox 1215 835 1345 900; x_wconf 87' lang='grc' dir='ltr'><strong><em>ΑΕ,</em></strong></span> <span class='ocrx_word' id='word_1_94' title='bbox 1386 834 1495 885; x_wconf 89' lang='grc' dir='ltr'><strong><em>ΕΓ</em></strong></span> <span class='ocrx_word' id='word_1_95' title='bbox 1513 826 1647 901; x_wconf 76' lang='grc' dir='ltr'><strong><em>μετὰ</em></strong></span> <span class='ocrx_word' id='word_1_96' title='bbox 1686 833 1789 886; x_wconf 87' lang='grc' dir='ltr'><strong><em>τοῦ</em></strong></span> <span class='ocrx_word' id='word_1_97' title='bbox 1819 826 1931 886; x_wconf 77' lang='grc' dir='ltr'><strong><em>ἀπὸ</em></strong></span> 
     </span>
     <span class='ocr_line' id='line_1_10' title="bbox 224 916 1933 996; baseline -0.001 -21"><span class='ocrx_word' id='word_1_98' title='bbox 224 923 323 991; x_wconf 82' lang='grc' dir='ltr'><strong><em>τῆς</em></strong></span> <span class='ocrx_word' id='word_1_99' title='bbox 361 925 470 975; x_wconf 89' lang='grc' dir='ltr'><strong><em>ΖΕ</em></strong></span> <span class='ocrx_word' id='word_1_100' title='bbox 519 926 648 976; x_wconf 80' lang='grc' dir='ltr'><strong><em>ἴσον</em></strong></span> <span class='ocrx_word' id='word_1_101' title='bbox 702 920 819 976; x_wconf 78' lang='grc' dir='ltr'><strong><em>ἐστὶ</em></strong></span> <span class='ocrx_word' id='word_1_102' title='bbox 873 922 950 996; x_wconf 78' lang='grc' dir='ltr'><strong><em>τῷ</em></strong></span> <span class='ocrx_word' id='word_1_103' title='bbox 995 916 1106 975; x_wconf 86' lang='grc' dir='ltr'><strong><em>ὑπὸ</em></strong></span> <span class='ocrx_word' id='word_1_104' title='bbox 1155 922 1272 976; x_wconf 78' lang='grc' dir='ltr'><strong><em>τῶν</em></strong></span> <span class='ocrx_word' id='word_1_105' title='bbox 1312 924 1451 987; x_wconf 89' lang='grc' dir='ltr'><strong><em>ΔΕ,</em></strong></span> <span class='ocrx_word' id='word_1_106' title='bbox 1501 924 1604 974; x_wconf 90' lang='grc' dir='ltr'><strong><em>ΕΒ</em></strong></span> <span class='ocrx_word' id='word_1_107' title='bbox 1655 916 1788 989; x_wconf 86' lang='grc' dir='ltr'><strong><em>μετὰ</em></strong></span> <span class='ocrx_word' id='word_1_108' title='bbox 1829 920 1933 974; x_wconf 89' lang='grc' dir='ltr'><strong><em>τοῦ</em></strong></span> 
     </span>
     <span class='ocr_line' id='line_1_11' title="bbox 138 1004 1931 1081; baseline -0.002 -16"><span class='ocrx_word' id='word_1_109' title='bbox 138 1018 194 1059; x_wconf 83' lang='grc'><strong><em>10</em></strong></span> <span class='ocrx_word' id='word_1_110' title='bbox 227 1006 336 1065; x_wconf 81' lang='grc' dir='ltr'><strong><em>ἀπὸ</em></strong></span> <span class='ocrx_word' id='word_1_111' title='bbox 389 1011 489 1080; x_wconf 79' lang='grc' dir='ltr'><strong><em>τῆς</em></strong></span> <span class='ocrx_word' id='word_1_112' title='bbox 528 1013 645 1064; x_wconf 89' lang='grc' dir='ltr'><strong><em>ΖΕ.</em></strong></span> <span class='ocrx_word' id='word_1_113' title='bbox 735 1005 936 1064; x_wconf 88' lang='grc' dir='ltr'><strong><em>κοινὸν</em></strong></span> <span class='ocrx_word' id='word_1_114' title='bbox 990 1005 1311 1081; x_wconf 79' lang='grc' dir='ltr'><em>ἀφῃρήσθω</em></span> <span class='ocrx_word' id='word_1_115' title='bbox 1366 1006 1429 1063; x_wconf 91' lang='grc' dir='ltr'><strong><em>τὸ</em></strong></span> <span class='ocrx_word' id='word_1_116' title='bbox 1486 1004 1595 1063; x_wconf 81' lang='grc' dir='ltr'><strong><em>ἀπὸ</em></strong></span> <span class='ocrx_word' id='word_1_117' title='bbox 1650 1009 1748 1078; x_wconf 82' lang='grc' dir='ltr'><strong><em>τῆς</em></strong></span> <span class='ocrx_word' id='word_1_118' title='bbox 1803 1012 1931 1062; x_wconf 86' lang='grc' dir='ltr'><strong><em>ΖΕ·</em></strong></span> 
     </span>
     <span class='ocr_line' id='line_1_12' title="bbox 228 1093 1933 1170; baseline -0.001 -17"><span class='ocrx_word' id='word_1_119' title='bbox 228 1095 431 1153; x_wconf 87' lang='grc' dir='ltr'><strong><em>λοιπὸν</em></strong></span> <span class='ocrx_word' id='word_1_120' title='bbox 477 1095 589 1170; x_wconf 76' lang='grc' dir='ltr'><strong><em>ἄρα</em></strong></span> <span class='ocrx_word' id='word_1_121' title='bbox 633 1095 697 1152; x_wconf 88' lang='grc' dir='ltr'><strong><em>τὸ</em></strong></span> <span class='ocrx_word' id='word_1_122' title='bbox 744 1093 855 1153; x_wconf 80' lang='grc' dir='ltr'><strong><em>ὑπὸ</em></strong></span> <span class='ocrx_word' id='word_1_123' title='bbox 904 1099 1019 1152; x_wconf 79' lang='grc' dir='ltr'><strong><em>τῶν</em></strong></span> <span class='ocrx_word' id='word_1_124' title='bbox 1059 1102 1195 1167; x_wconf 86' lang='grc' dir='ltr'><strong><em>ΑΕ,</em></strong></span> <span class='ocrx_word' id='word_1_125' title='bbox 1251 1101 1366 1153; x_wconf 91' lang='grc' dir='ltr'><strong><em>ΕΓ</em></strong></span> <span class='ocrx_word' id='word_1_126' title='bbox 1404 1094 1799 1169; x_wconf 84' lang='grc' dir='ltr'><strong><em>περιεχόμενον</em></strong></span> <span class='ocrx_word' id='word_1_127' title='bbox 1839 1093 1933 1167; x_wconf 87' lang='grc' dir='ltr'><strong><em>ὀρ-</em></strong></span> 
     </span>
     <span class='ocr_line' id='line_1_13' title="bbox 228 1183 1931 1261; baseline -0.001 -19"><span class='ocrx_word' id='word_1_128' title='bbox 228 1184 521 1258; x_wconf 75' lang='grc' dir='ltr'><strong><em>θογώνιον</em></strong></span> <span class='ocrx_word' id='word_1_129' title='bbox 571 1193 699 1243; x_wconf 76' lang='grc' dir='ltr'><strong><em>ἴσον</em></strong></span> <span class='ocrx_word' id='word_1_130' title='bbox 747 1187 861 1242; x_wconf 81' lang='grc' dir='ltr'><strong><em>ἐστὶ</em></strong></span> <span class='ocrx_word' id='word_1_131' title='bbox 907 1187 984 1261; x_wconf 76' lang='grc' dir='ltr'><strong><em>τῷ</em></strong></span> <span class='ocrx_word' id='word_1_132' title='bbox 1022 1183 1133 1242; x_wconf 86' lang='grc' dir='ltr'><strong><em>ὑπὸ</em></strong></span> <span class='ocrx_word' id='word_1_133' title='bbox 1179 1189 1294 1241; x_wconf 76' lang='grc' dir='ltr'><strong><em>τῶν</em></strong></span> <span class='ocrx_word' id='word_1_134' title='bbox 1336 1191 1474 1256; x_wconf 88' lang='grc' dir='ltr'><strong><em>ΔΕ,</em></strong></span> <span class='ocrx_word' id='word_1_135' title='bbox 1529 1190 1634 1241; x_wconf 87' lang='grc' dir='ltr'><strong><em>ΕΒ</em></strong></span> <span class='ocrx_word' id='word_1_136' title='bbox 1686 1204 1931 1257; x_wconf 81' lang='grc' dir='ltr'><strong><em>περιεχο-</em></strong></span> 
     </span>
     <span class='ocr_line' id='line_1_14' title="bbox 234 1273 776 1351; baseline -0.002 -20"><span class='ocrx_word' id='word_1_137' title='bbox 234 1276 383 1350; x_wconf 99' lang='grc' dir='ltr'><strong><em>μένῳ</em></strong></span> <span class='ocrx_word' id='word_1_138' title='bbox 424 1273 776 1351; x_wconf 77' lang='grc' dir='ltr'><strong><em>ὀρθογωνίῳ.</em></strong></span> 
     </span>
     <span class='ocr_line' id='line_1_15' title="bbox 337 1359 1934 1439; baseline -0.001 -19"><span class='ocrx_word' id='word_1_139' title='bbox 337 1362 470 1420; x_wconf 78' lang='grc' dir='ltr'><strong><em>Ἐὰν</em></strong></span> <span class='ocrx_word' id='word_1_140' title='bbox 509 1362 620 1435; x_wconf 77' lang='grc' dir='ltr'><strong><em>ἄρα</em></strong></span> <span class='ocrx_word' id='word_1_141' title='bbox 659 1365 721 1419; x_wconf 81' lang='grc' dir='ltr'><strong><em>ἐν</em></strong></span> <span class='ocrx_word' id='word_1_142' title='bbox 762 1361 948 1439; x_wconf 82' lang='grc' dir='ltr'><strong><em>κύκλῳ</em></strong></span> <span class='ocrx_word' id='word_1_143' title='bbox 981 1359 1198 1419; x_wconf 86' lang='grc' dir='ltr'><strong><em>εὐθεῖαι</em></strong></span> <span class='ocrx_word' id='word_1_144' title='bbox 1233 1362 1339 1419; x_wconf 79' lang='grc' dir='ltr'><strong><em>δύο</em></strong></span> <span class='ocrx_word' id='word_1_145' title='bbox 1371 1363 1649 1434; x_wconf 81' lang='grc' dir='ltr'><strong><em>τέμνωσιν</em></strong></span> <span class='ocrx_word' id='word_1_146' title='bbox 1672 1359 1934 1434; x_wconf 77' lang='grc' dir='ltr'><strong><em>ἀλλήλας,</em></strong></span> 
     </span>
     <span class='ocr_line' id='line_1_16' title="bbox 144 1448 1934 1525; baseline 0.002 -21"><span class='ocrx_word' id='word_1_147' title='bbox 144 1463 197 1504; x_wconf 83' lang='grc'><strong><em>15</em></strong></span> <span class='ocrx_word' id='word_1_148' title='bbox 228 1450 292 1509; x_wconf 90' lang='grc' dir='ltr'><strong><em>τὸ</em></strong></span> <span class='ocrx_word' id='word_1_149' title='bbox 339 1449 450 1509; x_wconf 82' lang='grc' dir='ltr'><strong><em>ὑπὸ</em></strong></span> <span class='ocrx_word' id='word_1_150' title='bbox 498 1455 614 1510; x_wconf 80' lang='grc' dir='ltr'><strong><em>τῶν</em></strong></span> <span class='ocrx_word' id='word_1_151' title='bbox 656 1455 756 1524; x_wconf 80' lang='grc' dir='ltr'><strong><em>τῆς</em></strong></span> <span class='ocrx_word' id='word_1_152' title='bbox 808 1455 937 1523; x_wconf 79' lang='grc' dir='ltr'><strong><em>μιᾶς</em></strong></span> <span class='ocrx_word' id='word_1_153' title='bbox 982 1450 1284 1524; x_wconf 78' lang='grc' dir='ltr'><strong><em>τμημάτων</em></strong></span> <span class='ocrx_word' id='word_1_154' title='bbox 1328 1451 1724 1525; x_wconf 79' lang='grc' dir='ltr'><strong><em>περιεχόμενον</em></strong></span> <span class='ocrx_word' id='word_1_155' title='bbox 1765 1448 1934 1524; x_wconf 88' lang='grc' dir='ltr'><strong><em>ὀρθο-</em></strong></span> 
     </span>
     <span class='ocr_line' id='line_1_17' title="bbox 216 1538 1934 1618; baseline 0 -21"><span class='ocrx_word' id='word_1_156' title='bbox 216 1540 444 1613; x_wconf 71' lang='grc' dir='ltr'><strong><em>,γόνιον</em></strong></span> <span class='ocrx_word' id='word_1_157' title='bbox 497 1549 626 1599; x_wconf 71' lang='grc' dir='ltr'><strong><em>ἴσον</em></strong></span> <span class='ocrx_word' id='word_1_158' title='bbox 674 1540 786 1599; x_wconf 79' lang='grc' dir='ltr'><strong><em>ἐστὶ</em></strong></span> <span class='ocrx_word' id='word_1_159' title='bbox 834 1545 911 1618; x_wconf 76' lang='grc' dir='ltr'><strong><em>τῷ</em></strong></span> <span class='ocrx_word' id='word_1_160' title='bbox 961 1538 1073 1597; x_wconf 81' lang='grc' dir='ltr'><strong><em>ὑπὸ</em></strong></span> <span class='ocrx_word' id='word_1_161' title='bbox 1119 1544 1234 1598; x_wconf 79' lang='grc' dir='ltr'><strong><em>τῶν</em></strong></span> <span class='ocrx_word' id='word_1_162' title='bbox 1271 1544 1370 1613; x_wconf 83' lang='grc' dir='ltr'><strong><em>τῆς</em></strong></span> <span class='ocrx_word' id='word_1_163' title='bbox 1408 1541 1597 1613; x_wconf 83' lang='grc' dir='ltr'><strong><em>ἑτέρας</em></strong></span> <span class='ocrx_word' id='word_1_164' title='bbox 1634 1540 1934 1614; x_wconf 74' lang='grc' dir='ltr'><strong><em>τμημάτων</em></strong></span> 
     </span>
     <span class='ocr_line' id='line_1_18' title="bbox 229 1628 1568 1707; baseline -0.001 -20"><span class='ocrx_word' id='word_1_165' title='bbox 229 1632 604 1706; x_wconf 74' lang='grc' dir='ltr'><strong><em>περιεχομένῳ</em></strong></span> <span class='ocrx_word' id='word_1_166' title='bbox 646 1630 1006 1707; x_wconf 76' lang='grc' dir='ltr'><strong><em>ὀρθογωνίῳ·</em></strong></span> <span class='ocrx_word' id='word_1_167' title='bbox 1048 1628 1184 1704; x_wconf 82' lang='grc' dir='ltr'><strong><em>ὅπερ</em></strong></span> <span class='ocrx_word' id='word_1_168' title='bbox 1224 1633 1335 1687; x_wconf 76' lang='grc' dir='ltr'><strong><em>ἔδει</em></strong></span> <span class='ocrx_word' id='word_1_169' title='bbox 1378 1631 1568 1697; x_wconf 73' lang='grc' dir='ltr'><strong><em>δεῖξαι.</em></strong></span> 
     </span>
    </p>
   </div>
   <div class='ocr_carea' id='block_1_3' title="bbox 144 1792 1956 2682">
    <p class='ocr_par' dir='ltr' id='par_1_3' title="bbox 1038 1792 1150 1853">
     <span class='ocr_line' id='line_1_19' title="bbox 1038 1792 1150 1853; baseline 0 -3"><span class='ocrx_word' id='word_1_170' title='bbox 1038 1792 1150 1853; x_wconf 80' lang='grc' dir='ltr'><strong><em>λς’.</em></strong></span> 
     </span>
    </p>

    <p class='ocr_par' dir='ltr' id='par_1_4' title="bbox 144 1895 1956 2415">
     <span class='ocr_line' id='line_1_20' title="bbox 340 1895 1936 1971; baseline -0.001 -17"><span class='ocrx_word' id='word_1_171' title='bbox 340 1895 490 1955; x_wconf 83' lang='grc' dir='ltr'><strong><em>Ἐὰν</em></strong></span> <span class='ocrx_word' id='word_1_172' title='bbox 543 1897 795 1955; x_wconf 81' lang='grc' dir='ltr'><strong><em>κύκλου</em></strong></span> <span class='ocrx_word' id='word_1_173' title='bbox 848 1901 1073 1971; x_wconf 80' lang='grc' dir='ltr'><strong><em>ληφθῇ</em></strong></span> <span class='ocrx_word' id='word_1_174' title='bbox 1127 1919 1186 1954; x_wconf 91' lang='grc' dir='ltr'><strong><em>τι</em></strong></span> <span class='ocrx_word' id='word_1_175' title='bbox 1240 1908 1520 1971; x_wconf 85' lang='grc' dir='ltr'><strong><em>σημεῖον</em></strong></span> <span class='ocrx_word' id='word_1_176' title='bbox 1575 1896 1788 1967; x_wconf 82' lang='grc' dir='ltr'><strong><em>ἐκτός,</em></strong></span> <span class='ocrx_word' id='word_1_177' title='bbox 1828 1896 1936 1953; x_wconf 83' lang='grc' dir='ltr'><strong><em>καὶ</em></strong></span> 
     </span>
     <span class='ocr_line' id='line_1_21' title="bbox 144 1983 1938 2066; baseline 0.001 -27"><span class='ocrx_word' id='word_1_178' title='bbox 144 2000 202 2040; x_wconf 76' lang='lat'><strong><em>20</em></strong></span> <span class='ocrx_word' id='word_1_179' title='bbox 234 1985 339 2044; x_wconf 83' lang='grc' dir='ltr'><strong><em>ἄπ’</em></strong></span> <span class='ocrx_word' id='word_1_180' title='bbox 397 1986 607 2045; x_wconf 84' lang='grc' dir='ltr'><strong><em>αὐτοῦ</em></strong></span> <span class='ocrx_word' id='word_1_181' title='bbox 651 1987 814 2059; x_wconf 83' lang='grc' dir='ltr'><strong><em>πρὸς</em></strong></span> <span class='ocrx_word' id='word_1_182' title='bbox 859 1986 976 2044; x_wconf 86' lang='grc' dir='ltr'><strong><em>τὸν</em></strong></span> <span class='ocrx_word' id='word_1_183' title='bbox 1020 1986 1271 2066; x_wconf 83' lang='grc' dir='ltr'><strong><em>κύκλον</em></strong></span> <span class='ocrx_word' id='word_1_184' title='bbox 1316 1990 1776 2059; x_wconf 80' lang='grc' dir='ltr'><strong><em>προσπίπτωσι</em></strong></span> <span class='ocrx_word' id='word_1_185' title='bbox 1817 1983 1938 2042; x_wconf 84' lang='grc' dir='ltr'><strong><em>δύο</em></strong></span> 
     </span>
     <span class='ocr_line' id='line_1_22' title="bbox 234 2072 1939 2149; baseline -0.001 -16"><span class='ocrx_word' id='word_1_186' title='bbox 234 2074 526 2149; x_wconf 78' lang='grc' dir='ltr'><strong><em>εὐθεῖαι,</em></strong></span> <span class='ocrx_word' id='word_1_187' title='bbox 580 2077 689 2133; x_wconf 83' lang='grc' dir='ltr'><strong><em>καὶ</em></strong></span> <span class='ocrx_word' id='word_1_188' title='bbox 739 2074 774 2149; x_wconf 84' lang='grc' dir='ltr'><em>ἡ</em></span> <span class='ocrx_word' id='word_1_189' title='bbox 830 2075 947 2149; x_wconf 71' lang='grc' dir='ltr'><strong><em>μὲν</em></strong></span> <span class='ocrx_word' id='word_1_190' title='bbox 994 2073 1213 2132; x_wconf 78' lang='grc' dir='ltr'><strong><em>αὐτῶν</em></strong></span> <span class='ocrx_word' id='word_1_191' title='bbox 1258 2075 1460 2149; x_wconf 84' lang='grc' dir='ltr'><strong><em>τέμνῃ</em></strong></span> <span class='ocrx_word' id='word_1_192' title='bbox 1511 2072 1627 2131; x_wconf 85' lang='grc' dir='ltr'><strong><em>τὸν</em></strong></span> <span class='ocrx_word' id='word_1_193' title='bbox 1664 2073 1939 2147; x_wconf 83' lang='grc' dir='ltr'><strong><em>κύκλον,</em></strong></span> 
     </span>
     <span class='ocr_line' id='line_1_23' title="bbox 234 2161 1940 2237; baseline -0.002 -15"><span class='ocrx_word' id='word_1_194' title='bbox 234 2163 269 2236; x_wconf 83' lang='grc' dir='ltr'><em>ἡ</em></span> <span class='ocrx_word' id='word_1_195' title='bbox 311 2165 386 2222; x_wconf 75' lang='grc' dir='ltr'><strong><em>δὲ</em></strong></span> <span class='ocrx_word' id='word_1_196' title='bbox 426 2165 824 2237; x_wconf 77' lang='grc' dir='ltr'><strong><em>ἐφάπτηται,</em></strong></span> <span class='ocrx_word' id='word_1_197' title='bbox 864 2169 1044 2221; x_wconf 84' lang='grc' dir='ltr'><strong><em>ἔσται</em></strong></span> <span class='ocrx_word' id='word_1_198' title='bbox 1084 2163 1155 2222; x_wconf 92' lang='grc' dir='ltr'><strong><em>τὸ</em></strong></span> <span class='ocrx_word' id='word_1_199' title='bbox 1196 2162 1321 2221; x_wconf 83' lang='grc' dir='ltr'><strong><em>ὑπὸ</em></strong></span> <span class='ocrx_word' id='word_1_200' title='bbox 1362 2161 1517 2236; x_wconf 77' lang='grc' dir='ltr'><strong><em>ὅλης</em></strong></span> <span class='ocrx_word' id='word_1_201' title='bbox 1538 2166 1645 2235; x_wconf 84' lang='grc' dir='ltr'><strong><em>τῆς</em></strong></span> <span class='ocrx_word' id='word_1_202' title='bbox 1667 2162 1940 2235; x_wconf 85' lang='grc' dir='ltr'><strong><em>τεμνού-</em></strong></span> 
     </span>
     <span class='ocr_line' id='line_1_24' title="bbox 236 2249 1956 2327; baseline -0.001 -17"><span class='ocrx_word' id='word_1_203' title='bbox 236 2271 352 2326; x_wconf 79' lang='grc' dir='ltr'><strong><em>σης</em></strong></span> <span class='ocrx_word' id='word_1_204' title='bbox 412 2254 522 2310; x_wconf 82' lang='grc' dir='ltr'><strong><em>καὶ</em></strong></span> <span class='ocrx_word' id='word_1_205' title='bbox 584 2257 697 2327; x_wconf 83' lang='grc' dir='ltr'><strong><em>τῆς</em></strong></span> <span class='ocrx_word' id='word_1_206' title='bbox 762 2253 949 2320; x_wconf 80' lang='grc' dir='ltr'><strong><em>ἐκτὸς</em></strong></span> <span class='ocrx_word' id='word_1_207' title='bbox 1007 2251 1661 2326; x_wconf 58' lang='grc' dir='ltr'><strong><em>ἀπολαμβανομένης</em></strong></span> <span class='ocrx_word' id='word_1_208' title='bbox 1701 2249 1956 2324; x_wconf 76' lang='grc' dir='ltr'><strong><em>μεταξύἐ</em></strong></span> 
     </span>
     <span class='ocr_line' id='line_1_25' title="bbox 235 2342 1953 2415; baseline -0.001 -17"><span class='ocrx_word' id='word_1_209' title='bbox 235 2346 354 2399; x_wconf 84' lang='grc' dir='ltr'><strong><em>τοῦ</em></strong></span> <span class='ocrx_word' id='word_1_210' title='bbox 418 2366 484 2400; x_wconf 93' lang='grc' dir='ltr'><strong><em>τε</em></strong></span> <span class='ocrx_word' id='word_1_211' title='bbox 541 2348 819 2415; x_wconf 88' lang='grc' dir='ltr'><strong><em>σημείου</em></strong></span> <span class='ocrx_word' id='word_1_212' title='bbox 873 2342 978 2397; x_wconf 86' lang='grc' dir='ltr'><strong><em>καὶ</em></strong></span> <span class='ocrx_word' id='word_1_213' title='bbox 1040 2346 1153 2414; x_wconf 85' lang='grc' dir='ltr'><strong><em>τῆς</em></strong></span> <span class='ocrx_word' id='word_1_214' title='bbox 1213 2345 1456 2415; x_wconf 85' lang='grc' dir='ltr'><strong><em>κυρτῆς</em></strong></span> <span class='ocrx_word' id='word_1_215' title='bbox 1515 2346 1953 2414; x_wconf 56' lang='grc' dir='ltr'><strong><em>περιφερείας,</em></strong></span> 
     </span>
    </p>

    <p class='ocr_par' dir='ltr' id='par_1_5' title="bbox 149 2429 1941 2682">
     <span class='ocr_line' id='line_1_26' title="bbox 149 2429 1762 2509; baseline 0.001 -23"><span class='ocrx_word' id='word_1_216' title='bbox 149 2444 207 2486; x_wconf 82' lang='lat'><strong><em>25</em></strong></span> <span class='ocrx_word' id='word_1_217' title='bbox 241 2438 390 2487; x_wconf 76' lang='grc' dir='ltr'><strong><em>ἴσον</em></strong></span> <span class='ocrx_word' id='word_1_218' title='bbox 429 2455 512 2509; x_wconf 92' lang='grc' dir='ltr'><strong><em>τῳ</em></strong></span> <span class='ocrx_word' id='word_1_219' title='bbox 553 2430 678 2489; x_wconf 82' lang='grc' dir='ltr'><strong><em>ἀπὸ</em></strong></span> <span class='ocrx_word' id='word_1_220' title='bbox 713 2435 825 2503; x_wconf 82' lang='grc' dir='ltr'><strong><em>τῆς</em></strong></span> <span class='ocrx_word' id='word_1_221' title='bbox 865 2432 1326 2503; x_wconf 79' lang='grc' dir='ltr'><strong><em>ἐφαπτομένης</em></strong></span> <span class='ocrx_word' id='word_1_222' title='bbox 1362 2429 1762 2507; x_wconf 76' lang='grc' dir='ltr'><strong><em>τετραγώνῳ.</em></strong></span> 
     </span>
     <span class='ocr_line' id='line_1_27' title="bbox 353 2519 1956 2594; baseline -0.001 -17"><span class='ocrx_word' id='word_1_223' title='bbox 353 2521 587 2577; x_wconf 83' lang='grc' dir='ltr'><strong><em>Κύκλου</em></strong></span> <span class='ocrx_word' id='word_1_224' title='bbox 631 2543 741 2594; x_wconf 78' lang='grc' dir='ltr'><strong><em>γαρ</em></strong></span> <span class='ocrx_word' id='word_1_225' title='bbox 780 2529 882 2577; x_wconf 88' lang='grc' dir='ltr'><strong><em>τοῦ</em></strong></span> <span class='ocrx_word' id='word_1_226' title='bbox 922 2524 1095 2577; x_wconf 90' lang='grc' dir='ltr'><strong><em>ΑΒΓ</em></strong></span> <span class='ocrx_word' id='word_1_227' title='bbox 1126 2519 1383 2592; x_wconf 86' lang='grc' dir='ltr'><strong><em>εἰλήφθω</em></strong></span> <span class='ocrx_word' id='word_1_228' title='bbox 1422 2541 1474 2575; x_wconf 91' lang='grc' dir='ltr'><strong><em>τι</em></strong></span> <span class='ocrx_word' id='word_1_229' title='bbox 1514 2530 1747 2590; x_wconf 78' lang='grc' dir='ltr'><strong><em>σημεῖον</em></strong></span> <span class='ocrx_word' id='word_1_230' title='bbox 1787 2519 1956 2589; x_wconf 62' lang='grc' dir='ltr'><strong><em>ἐκτὸς</em></strong></span> 
     </span>
     <span class='ocr_line' id='line_1_28' title="bbox 238 2604 1940 2682; baseline -0.002 -15"><span class='ocrx_word' id='word_1_231' title='bbox 238 2609 302 2667; x_wconf 89' lang='grc' dir='ltr'><strong><em>τὸ</em></strong></span> <span class='ocrx_word' id='word_1_232' title='bbox 345 2617 427 2682; x_wconf 84' lang='grc' dir='ltr'><strong><em>Δ,</em></strong></span> <span class='ocrx_word' id='word_1_233' title='bbox 474 2609 566 2665; x_wconf 81' lang='grc' dir='ltr'><strong><em>καὶ</em></strong></span> <span class='ocrx_word' id='word_1_234' title='bbox 615 2606 724 2666; x_wconf 80' lang='grc' dir='ltr'><strong><em>ἀπὸ</em></strong></span> <span class='ocrx_word' id='word_1_235' title='bbox 766 2612 870 2666; x_wconf 86' lang='grc' dir='ltr'><strong><em>τοῦ</em></strong></span> <span class='ocrx_word' id='word_1_236' title='bbox 911 2615 965 2664; x_wconf 95' lang='lat' dir='ltr'><em>A</em></span> <span class='ocrx_word' id='word_1_237' title='bbox 1003 2607 1143 2682; x_wconf 83' lang='grc' dir='ltr'><strong><em>πρὸς</em></strong></span> <span class='ocrx_word' id='word_1_238' title='bbox 1181 2607 1282 2664; x_wconf 87' lang='grc' dir='ltr'><strong><em>τὸν</em></strong></span> <span class='ocrx_word' id='word_1_239' title='bbox 1322 2612 1495 2664; x_wconf 90' lang='grc' dir='ltr'><strong><em>ΑΒΓ</em></strong></span> <span class='ocrx_word' id='word_1_240' title='bbox 1524 2606 1733 2664; x_wconf 84' lang='grc' dir='ltr'><strong><em>κύκλον</em></strong></span> <span class='ocrx_word' id='word_1_241' title='bbox 1772 2604 1940 2681; x_wconf 65' lang='grc' dir='ltr'><strong><em>προσιὶ</em></strong></span> 
     </span>
    </p>
   </div>
   <div class='ocr_carea' id='block_1_4' title="bbox 240 2719 599 2726">
    <p class='ocr_par' dir='ltr' id='par_1_6' title="bbox 240 2719 599 2726">
     <span class='ocr_line' id='line_1_29' title="bbox 240 2719 599 2726; baseline 0 0"><span class='ocrx_word' id='word_1_242' title='bbox 240 2719 599 2726; x_wconf 95' lang='lat' dir='ltr'><strong><em> </em></strong></span> 
     </span>
    </p>
   </div>
   <div class='ocr_carea' id='block_1_5' title="bbox 240 2767 1943 2950">
    <p class='ocr_par' dir='ltr' id='par_1_7' title="bbox 240 2767 1947 2950">
     <span class='ocr_line' id='line_1_30' title="bbox 360 2767 1820 2843; baseline -0.002 -25"><span class='ocrx_word' id='word_1_243' title='bbox 360 2779 403 2818; x_wconf 86' lang='grc'><strong><em>6.</em></strong></span> <span class='ocrx_word' id='word_1_244' title='bbox 438 2769 636 2830; x_wconf 78' lang='grc' dir='ltr'><strong><em>ἐδείχθη</em></strong></span> <span class='ocrx_word' id='word_1_245' title='bbox 667 2770 744 2831; x_wconf 82' lang='grc' dir='ltr'><strong><em>δέ]</em></strong></span> <span class='ocrx_word' id='word_1_246' title='bbox 778 2787 895 2817; x_wconf 82' lang='grc' dir='ltr'><strong><em>ωστε</em></strong></span> <span class='ocrx_word' id='word_1_247' title='bbox 929 2772 987 2825; x_wconf 87' lang='lat' dir='ltr'><strong><em>P;</em></strong></span> <span class='ocrx_word' id='word_1_248' title='bbox 1035 2786 1129 2829; x_wconf 85' lang='lat' dir='ltr'><strong><em>mg.</em></strong></span> <span class='ocrx_word' id='word_1_249' title='bbox 1162 2786 1221 2816; x_wconf 90' lang='lat' dir='ltr'><strong><em>m.</em></strong></span> <span class='ocrx_word' id='word_1_250' title='bbox 1254 2784 1369 2816; x_wconf 84' lang='lat' dir='ltr'><strong>rec:</strong></span> <span class='ocrx_word' id='word_1_251' title='bbox 1418 2787 1487 2828; x_wconf 77' lang='lat' dir='ltr'><strong><em>yn.</em></strong></span> <span class='ocrx_word' id='word_1_252' title='bbox 1507 2767 1719 2843; x_wconf 75' lang='grc' dir='ltr'><strong><em>ἐδείχθη</em></strong></span> <span class='ocrx_word' id='word_1_253' title='bbox 1751 2768 1820 2816; x_wconf 79' lang='grc' dir='ltr'><strong><em>δέ.</em></strong></span> 
     </span>
     <span class='ocr_line' id='line_1_31' title="bbox 241 2826 1943 2934; baseline -0.001 -58"><span class='ocrx_word' id='word_1_254' title='bbox 241 2827 515 2890; x_wconf 74' lang='grc' dir='ltr'><strong><em>ἕδείχθη-</em></strong></span> <span class='ocrx_word' id='word_1_255' title='bbox 533 2838 573 2878; x_wconf 90' lang='grc'><strong><em>8.</em></strong></span> <span class='ocrx_word' id='word_1_256' title='bbox 610 2832 712 2891; x_wconf 90' lang='grc' dir='ltr'><strong><em>ΖΒ]</em></strong></span> <span class='ocrx_word' id='word_1_257' title='bbox 738 2846 830 2877; x_wconf 89' lang='lat' dir='ltr'><strong><em>om.</em></strong></span> <span class='ocrx_word' id='word_1_258' title='bbox 843 2847 898 2904; x_wconf 58' lang='lat' dir='ltr'><strong><em>&#39;P‘</em></strong></span> <span class='ocrx_word' id='word_1_259' title='bbox 1025 2836 1094 2876; x_wconf 94' lang='grc'><strong><em>11.</em></strong></span> <span class='ocrx_word' id='word_1_260' title='bbox 1125 2827 1465 2903; x_wconf 72' lang='grc' dir='ltr'><strong><em>περιεχόμενον</em></strong></span> <span class='ocrx_word' id='word_1_261' title='bbox 1490 2826 1810 2932; x_wconf 69' lang='grc' dir='ltr'><strong><em>ὄρθογωνΡιον]</em></strong></span> <span class='ocrx_word' id='word_1_262' title='bbox 1843 2840 1943 2934; x_wconf 51' lang='lat' dir='ltr'><strong><em>mg</em></strong></span> 
     </span>
     <span class='ocr_line' id='line_1_32' title="bbox 240 2887 1742 2950; baseline -0.002 -14"><span class='ocrx_word' id='word_1_263' title='bbox 240 2905 301 2937; x_wconf 90' lang='lat' dir='ltr'><strong>m</strong></span> <span class='ocrx_word' id='word_1_264' title='bbox 326 2897 353 2936; x_wconf 84' lang='lat'>2</span> <span class='ocrx_word' id='word_1_265' title='bbox 388 2891 439 2937; x_wconf 89' lang='lat' dir='ltr'><strong><em>V.</em></strong></span> <span class='ocrx_word' id='word_1_266' title='bbox 583 2896 652 2937; x_wconf 82' lang='lat'><strong><em>12.</em></strong></span> <span class='ocrx_word' id='word_1_267' title='bbox 684 2891 769 2950; x_wconf 81' lang='grc' dir='ltr'><strong><em>τῷ]</em></strong></span> <span class='ocrx_word' id='word_1_268' title='bbox 802 2907 855 2936; x_wconf 92' lang='grc' dir='ltr'><strong><em>το</em></strong></span> <span class='ocrx_word' id='word_1_269' title='bbox 891 2908 941 2947; x_wconf 92' lang='grc' dir='ltr'><strong><em>φ.</em></strong></span> <span class='ocrx_word' id='word_1_270' title='bbox 1082 2894 1150 2935; x_wconf 84' lang='grc'><strong><em>15.</em></strong></span> <span class='ocrx_word' id='word_1_271' title='bbox 1185 2887 1279 2935; x_wconf 87' lang='grc' dir='ltr'><strong><em>υπὸ</em></strong></span> <span class='ocrx_word' id='word_1_272' title='bbox 1312 2890 1396 2945; x_wconf 81' lang='grc' dir='ltr'><strong><em>τῆς</em></strong></span> <span class='ocrx_word' id='word_1_273' title='bbox 1426 2889 1539 2946; x_wconf 80' lang='grc' dir='ltr'><strong><em>μιᾶς</em></strong></span> <span class='ocrx_word' id='word_1_274' title='bbox 1568 2890 1662 2934; x_wconf 82' lang='grc' dir='ltr'><strong><em>τῶν</em></strong></span> <span class='ocrx_word' id='word_1_275' title='bbox 1693 2889 1742 2933; x_wconf 92' lang='grc' dir='ltr'><strong><em>Ρ.</em></strong></span> 
     </span>
    </p>
   </div>
  </div>
 </body>
</html>
