1956 3074
984 677 1060 755 γ’.

916 815 1111 891 Ὅροι.

282 921 355 977 α’.
379 920 546 978 Ἴσοι
577 921 813 977 κύκλοι
845 925 1009 993 εἰσίν,
1034 913 1117 978 ὦν
1149 924 1212 977 αἱ
1240 921 1527 993 διάμετροι
1565 928 1681 977 ἴσαι
1710 925 1870 991 εἰσίν,

157 1006 193 1080 ἢ
241 1002 324 1065 ὦν
365 1012 428 1065 αἰ
464 1013 523 1067 ἐκ
560 1012 675 1067 τῶν
715 1010 963 1083 κέντρων
1004 1016 1120 1065 ἴσαι
1160 1013 1320 1066 εἰσίν.

271 1097 345 1168 β’.
401 1097 658 1155 Εὐθεῖα
703 1098 953 1155 κύκλου
994 1100 1411 1171 ἐφάπτεσθαι
1451 1099 1692 1170 λέγεται,
1747 1095 1867 1170 ἥτις

101 1196 126 1236 5
160 1184 440 1260 ἁπτομένη
479 1191 584 1244 τοῦ
621 1187 831 1244 κύκλου
875 1187 968 1242 καὶ
1009 1188 1383 1259 ἐκβαλλομένη
1425 1184 1495 1243 οὐ
1538 1187 1724 1259 τέμνει
1753 1186 1872 1242 τὸν,

159 1275 388 1331 κύκλον.

270 1364 342 1435 γ’.
406 1365 659 1421 Κύκλοι
731 1367 1159 1437 ἐφάπτεσθαι
1221 1363 1544 1436 ἀλλήλων
1609 1365 1875 1436 λέγονται

160 1455 363 1518 οἵτινες
400 1451 702 1525 ἁπτόμενοι
742 1452 1001 1525 ἀλλήλων
1046 1452 1116 1509 οὐ
1156 1454 1459 1524 τέμνουσιν
1499 1451 1793 1525 ἀλλήλους.

271 1541 342 1598 δ’.
379 1540 473 1598 Ἐν
518 1543 703 1620 κύκλῳ
760 1550 909 1599 ἴσον
950 1541 1217 1614 ἀπέχειν
1257 1541 1380 1598 ἀπὸ
1420 1545 1544 1598 τοῦ
1583 1543 1868 1615 κέντρου
1954 1606 1956 1610 ,

77 1640 132 1680 10
163 1628 427 1687 εὐθεῖαι
466 1633 739 1703 λέγονται,
781 1631 917 1687 ὅταν
950 1634 1012 1687 αἱ
1040 1629 1149 1687 ἀπὸ
1183 1633 1286 1686 τοῦ
1316 1630 1553 1704 κέντρου
1579 1627 1662 1686 ἐπ’
1691 1628 1865 1696 αὐτὰς

162 1720 393 1777 κάθετοι
431 1718 701 1792 ἀγόμεναι
742 1727 859 1777 ἶσαι
899 1714 1053 1778 ὦσιν.

277 1809 340 1865 ε’.
379 1815 628 1877 Μεῖζον
669 1809 731 1866 δὲ
771 1808 1039 1882 άπέχειν
1080 1811 1314 1880 λέγεται,
1354 1807 1443 1879 ἐφ’
1487 1805 1560 1879 ἢν
1596 1806 1630 1879 ἡ
1669 1812 1873 1879 μείζων

164 1898 399 1965 κάθετος
437 1903 635 1955 πίπτει.

278 1988 347 2045 ς’.
415 1991 643 2060 Τμῆμα
689 1987 936 2044 κύκλου
983 1987 1098 2043 ἐστὶ
1139 1986 1202 2042 τὸ
1246 1986 1646 2059 περιεχ(’μενον
1688 1990 1874 2059 σχῆμα
1953 2004 1956 2005 ’

84 2082 142 2123 15
174 2072 283 2131 ὑπό
322 2096 378 2131 τε
419 2073 645 2142 εὐθείας
683 2076 775 2131 καὶ
814 2075 1026 2132 κύκλου
1066 2080 1433 2148 περιφερείας.
1952 2074 1956 2080 ’

283 2163 345 2230 ζ’.
390 2164 738 2235 Τμήματος
776 2164 839 2220 δὲ
876 2168 1087 2235 γωνία
1120 2165 1272 2221 ἐστὶν
1305 2162 1727 2236 ἡπεριεχομένη
1760 2163 1872 2221 ὑπό

168 2274 227 2307 τε
266 2249 492 2318 εὐθείας
528 2253 620 2307 καὶ
660 2252 872 2309 κύκλου
910 2257 1281 2326 περιφερείας.

281 2339 356 2412 η’.
414 2339 514 2395 Ἐν
558 2340 840 2412 τμήματι
881 2341 956 2413 δὲ,
995 2346 1208 2412 γωνία
1247 2343 1423 2411 ἐστίν,
1473 2339 1611 2397 ὅταν
1652 2342 1739 2398 ἐπὶ
1778 2344 1874 2414 τῆς

171 2433 523 2502 περιφερείας
567 2432 670 2486 τοῦ
715 2429 995 2502 τμήματος
1033 2433 1230 2503 ληφθῇ
1270 2451 1323 2485 τι
1372 2441 1604 2502 σημεῖον
1643 2431 1735 2486 καὶ
1776 2428 1871 2486 ἀπ’
1953 2502 1956 2507 1

293 2578 395 2624 Def.
423 2584 462 2622 1.
495 2579 619 2623 Hero
652 2577 743 2623 def.
773 2583 871 2631 117,
891 2584 932 2624 3.
995 2577 1188 2623 Boetius
1219 2593 1264 2634 p.
1293 2583 1393 2633 378,
1415 2583 1482 2623 15.
1674 2583 1714 2624 2.
1747 2579 1874 2623 Hero

175 2638 264 2683 def.
294 2642 452 2694 115,1.
515 2637 708 2683 Boetius
740 2652 786 2694 p.
812 2643 915 2692 378,
936 2643 1005 2684 ιτ.
1145 2643 1185 2681 3.
1218 2636 1343 2682 Hero
1375 2637 1437 2681 ib.
1486 2637 1678 2682 Boetius
1710 2654 1755 2695 p.
1774 2643 1875 2692 378,
1951 2627 1956 2690 J

178 2702 248 2741 19.
400 2702 531 2742 4—5.
563 2696 687 2742 Hero
718 2696 808 2742 def.
839 2701 938 2754 117,
956 2702 997 2743 4.
1062 2695 1254 2741 Boetius
1285 2711 1336 2753 p.
1361 2702 1462 2753 379,
1486 2702 1523 2741 1.
1677 2702 1718 2741 6.
1751 2697 1875 2742 Hero

177 2756 268 2801 def.
295 2761 366 2801 33.
428 2755 620 2802 Boessius
651 2771 694 2813 p.
721 2761 823 2810 379,
841 2761 880 2800 5.
1015 2761 1054 2801 7.
1088 2755 1279 2800 Boeffius
1310 2771 1354 2813 p.
1382 2761 1483 2810 379,
1502 2761 1542 2801 9.
1675 2759 1716 2802 8.
1749 2756 1874 2801 Hero

177 2816 265 2860 def.
292 2820 364 2861 34.
427 2815 617 2861 Boetius
648 2831 694 2872 p.
721 2820 823 2869 379,
843 2820 883 2860 6.

302 2940 337 2978 1.
372 2928 494 2993 ὅροι]
528 2948 618 2978 om.
651 2933 839 2991 PBF'p3
871 2947 1088 2978 numeros
1119 2947 1208 2979 om.
1242 2932 1440 2979 PBFV.
1529 2938 1570 2977 2.
1604 2931 1743 2992 εἰσίν]
1778 2947 1870 2977 om.
