1956 3074
66 1278 120 1319 10

69 1720 123 1760 15

151 83 261 137 330
557 86 1142 130 DEMONSTRATIONES
1171 70 1460 132 ALTERAE.

152 202 222 273 δὴ
267 204 546 273 δείξομεν,
604 200 689 258 ὅτι
737 200 862 258 οὐδ’
918 201 1055 259 ἄλλο
1101 225 1155 258 τι
1200 205 1347 275 πλὴν
1393 208 1495 260 τοῦ
1536 212 1618 260 Λ·
1680 205 1742 261 τὸ
1787 214 1841 261 Δ

151 288 262 362 ἄρα
317 301 548 362 σημεῖον
600 292 835 363 κέντρον
883 293 997 347 ἐστὶ
1043 295 1144 347 τοῦ
1184 297 1357 348 ΑΒΓ
1399 292 1635 350 κύκλου·
1706 293 1840 366 ἴπερ

152 382 265 435 ἔδει
306 380 495 445 δεῖξαι.

969 499 1018 553 5.

659 602 743 655 Ad
783 603 876 657 lib.
914 602 998 655 III
1036 622 1187 673 prop.
1232 604 1313 657 10.

858 717 1116 785 ’Ἄλλως

264 820 487 887 Κύκλος
524 820 632 895 γὰρ
671 821 843 877 πάλιν
883 820 913 878 ὁ
946 826 1118 877 ΑΒΓ
1146 821 1356 879 κύκλον
1393 821 1493 879 τὸν
1518 830 1686 879 ΔΕΖ
1723 846 1844 895 τεμ-

151 910 291 965 νέτω
331 908 469 966 κατὰ
507 915 738 967 πλείονα
778 921 977 982 σημεῖα
1015 907 1049 981 ἢ
1093 909 1197 966 δύο
1236 910 1302 966 τὰ
1344 918 1417 980 Β,
1448 918 1531 982 Η,
1563 919 1634 981 Θ,
1667 919 1712 967 Ζ
1751 914 1843 968 καὶ

152 998 409 1071 εἰλήφθω
449 998 511 1055 τὸ
550 1000 785 1068 κέντρον
823 1002 925 1055 τοῦ
950 998 1354 1055 ΑΒΓκύκλου
1391 998 1453 1055 τὸ
1479 1006 1552 1071 Κ,
1593 1001 1686 1056 καὶ
1727 1003 1843 1057 ἐπε-

155 1087 482 1160 ζεύχθωσαν
522 1089 586 1142 αἱ
618 1092 749 1157 ΚΒ,
789 1092 931 1156 ΚΗ,
970 1092 1094 1141 ΚΖ.

260 1174 409 1232 Ἐπεὶ
456 1169 563 1232 οὖν
607 1174 819 1230 κύκλου
863 1177 963 1230 τοῦ
1013 1179 1181 1230 ΔΕΖ
1231 1180 1487 1246 εἴληπταί
1519 1197 1570 1231 τι
1612 1188 1843 1248 σημεῖον

153 1264 312 1332 ἐντὸς
354 1263 418 1320 τὸ
459 1271 538 1335 Κ,
586 1264 680 1319 καὶ
731 1261 840 1319 ἀπὸ
878 1266 981 1318 τοῦ
1020 1268 1079 1318 Κ
1113 1262 1251 1335 πρὸς
1289 1262 1387 1320 τὸν
1429 1271 1483 1319 Δ
1496 1271 1600 1320 ΕΖ
1636 1265 1844 1321 κύκλον

152 1351 612 1426 προσπεπτώκασι
666 1356 892 1417 πλείους
943 1347 977 1423 ἢ
1027 1351 1131 1407 δύο
1181 1359 1297 1407 ἴσαι
1345 1351 1563 1409 εὐθεῖαι
1612 1356 1672 1409 αἰ
1715 1360 1844 1424 ΚΒ,

153 1447 291 1512 ΚΖ,
330 1447 480 1510 ΚΗ,
530 1439 592 1497 τὸ
619 1446 676 1495 Κ
697 1438 807 1512 ἄρα
847 1451 1078 1511 σημεῖον
1116 1441 1350 1513 κέντρον
1390 1442 1504 1497 ἐστὶ
1543 1445 1644 1497 τοῦ
1677 1447 1844 1497 ΔΕΖ

152 1530 376 1587 κύκλου.
439 1534 553 1586 ἔστι
594 1529 657 1585 δὲ
693 1529 787 1585 καὶ
825 1531 928 1585 τοῦ
959 1533 1130 1586 ΑΒΓ
1152 1529 1362 1585 κύκλου
1399 1531 1633 1602 κέντρον
1672 1529 1735 1587 τὸ
1767 1536 1846 1586 Κ·

155 1619 259 1675 δύο
300 1617 410 1691 ἄρα
447 1618 671 1675 κύκλων
702 1616 1020 1688 τεμνόντων
1053 1613 1327 1688 ἀλλήλους
1356 1615 1420 1673 τὸ
1452 1616 1587 1673 αὐτὸ
1611 1619 1845 1689 κέντρον

157 1708 272 1765 ἐστὶ
295 1706 359 1764 τὸ
379 1713 456 1763 Κ·
483 1706 618 1779 ὅπερ
644 1707 794 1762 ἐστὶν
821 1704 1120 1762 ἀδύνατον.
1154 1704 1258 1761 οὐκ
1281 1704 1391 1778 ἄρα
1414 1705 1616 1773 κύκλος
1638 1706 1847 1763 κύκλον

155 1798 340 1870 τέμνει
377 1794 516 1852 κατὰ
557 1799 789 1851 πλείονα
829 1804 1028 1866 σημεῖα
1066 1790 1102 1865 ἢ
1136 1794 1272 1850 δύο·
1326 1792 1460 1868 ὅπερ
1502 1799 1614 1851 ἔδει
1654 1797 1843 1862 δεῖξαι.

974 2004 1022 2057 6.

662 2107 747 2160 Ad
779 2107 870 2161 lib.
910 2106 991 2160 III
1030 2125 1180 2176 prop.
1227 2108 1308 2159 11.

267 2221 430 2280 Ἀλλὰ
478 2221 548 2294 δὴ
597 2223 834 2279 πιπτέτω
876 2219 950 2288 ὥς
997 2220 1031 2293 ἡ
1071 2227 1266 2294 ΗΖΓ,
1310 2221 1447 2291 [καὶ]
1487 2222 1846 2294 ἐκβεβλήσθω

274 2373 362 2428 ΙΙΙ,
382 2376 451 2416 10.
484 2371 599 2416 Post
628 2370 879 2428 genuinam
910 2369 1151 2428 PBFVp3
1184 2383 1274 2414 om.
1308 2367 1587 2426 Campanus.

274 2431 363 2488 ΙΙΙ,
382 2436 451 2475 11.
483 2429 600 2475 Post
629 2429 878 2487 genuinam
909 2428 1153 2486 PBFVp;
1185 2442 1279 2473 non
1308 2428 1454 2473 habet
1485 2427 1761 2485 Campanae.

278 2571 315 2610 1.
350 2561 464 2610 οὐδὲ
494 2563 550 2611 V.
672 2567 713 2607 2.
747 2557 864 2618 ὅπερ
897 2560 997 2607 ἔδει
1028 2560 1204 2620 δεῖξαι]
1236 2562 1334 2618 Pp3
1369 2579 1448 2605 ιω
1478 2561 1537 2616 Β;
1571 2575 1660 2608 om.
1685 2561 1785 2608 FV.

156 2631 197 2672 4.
231 2622 307 2683 ιβ’
341 2638 434 2682 mg.
465 2622 526 2678 F,
558 2622 639 2667 sed
670 2635 784 2667 eras.
924 2626 964 2666 6.
1001 2622 1054 2677 Θ,
1088 2620 1144 2680 Ζ]
1177 2623 1226 2676 Ζ,
1260 2622 1302 2665 Θ
1332 2619 1473 2678 BVp.
1612 2626 1653 2666 9.
1687 2621 1844 2679 ΔΕΖ]

154 2685 205 2730 in
234 2697 324 2729 ras.
357 2683 413 2728 V.
549 2682 613 2740 τι]
647 2696 707 2726 m.
734 2685 760 2725 2
791 2680 842 2724 F.
997 2685 1066 2726 10.
1101 2676 1251 2738 ἐντός]
1285 2694 1377 2725 om.
1408 2679 1458 2723 F.
1604 2685 1674 2725 11.
1706 2694 1847 2738 προσ-

155 2739 458 2788 πεπτώκασιν
489 2741 540 2786 Ρ.
685 2737 880 2785 εὖθεῖαι
909 2740 1007 2783 ἴσαι
1037 2739 1086 2783 Ρ.
1212 2743 1280 2783 12.
1312 2741 1416 2798 ΚΖ,
1445 2738 1573 2797 KH]
1605 2740 1728 2795 KH,
1758 2741 1848 2783 KZ

154 2803 190 2846 F
215 2818 277 2847 m.
299 2807 340 2858 1,
370 2800 414 2845 V
443 2805 573 2855 m.1;
606 2813 721 2844 corr.
753 2814 814 2843 m.
841 2803 881 2843 2.
982 2794 1075 2854 ἄρα
1108 2801 1155 2842 Κ
1180 2796 1230 2842 F.
1342 2802 1410 2844 13.
1445 2795 1571 2842 ἔστιν
1601 2798 1652 2842 Ρ.
1778 2803 1847 2842 14.

156 2857 366 2918 ἀλλήλων
397 2860 456 2915 Ρ;
490 2873 605 2905 corr.
636 2873 698 2902 m.
730 2871 821 2903 rec.
969 2862 1036 2902 15.
1071 2853 1218 2915 ἐστίν]
1253 2871 1342 2902 om.
1374 2872 1418 2915 p.
1563 2861 1632 2902 16.
1664 2854 1843 2915 τέμνει]
