1956 3074
171 140 275 192 122
799 143 1137 188 ΣΤΟΙΧΕΙΩΝ
1168 141 1235 202 β’.

158 281 331 330 μενον
386 258 744 332 ὀρθογώνιον
806 260 941 332 μετὰ
980 265 1084 318 τοῦ
1130 260 1240 319 ὑπὸ
1282 269 1418 334 ΒΑ,
1464 267 1578 318 ΛΓ
1615 282 1862 335 περιεχο-
1936 303 1941 308 -

158 348 333 418 μένου
380 345 743 421 ὀρθογωνίου
792 356 921 407 ἴσον
967 351 1082 407 ἐστὶ
1121 355 1196 428 τῷ
1237 349 1348 408 ἀπὸ
1388 355 1485 423 τῆς
1530 358 1638 407 ΑΒ
1677 374 1860 425 τετρα-
1913 386 1929 403 ·

159 436 340 510 γώνῳ.

269 525 715 600 Ἀναγεγράφθω
762 526 870 599 γὰρ
917 526 1025 584 ἀπὸ
1073 533 1171 600 τῆς
1222 536 1330 585 ΑΒ
1389 528 1743 601 τετράγωνον
1795 530 1859 586 τὸ

102 625 128 666 5
161 621 416 685 ΑΔΕΒ,
454 616 548 670 καὶ
587 615 748 688 ἤχθω
790 615 885 671 διὰ
923 620 1026 672 τοῦ
1064 622 1118 672 Γ
1150 614 1388 692 ὁποτέρᾳ
1426 621 1540 674 τῶν
1578 625 1714 690 ΑΔ,
1754 625 1865 674 ΒΕ

167 703 522 776 παράλληλος
559 702 594 776 ἡ
634 709 753 759 ΓΖ.

254 790 412 847 Ἴσον
454 792 523 864 δή
559 795 673 849 ἐστι
705 791 768 848 τὸ
793 800 908 848 ΑΕ
934 804 1051 860 τοῖς
1074 802 1127 849 A
1137 801 1200 865 Ζ,
1232 800 1351 851 ΓΕ.
1388 801 1486 850 καί
1514 797 1628 851 ἐστι
1660 795 1722 852 τὸ
1755 796 1859 867 μὲν

156 886 273 936 ΑΕ
314 878 376 937 τὸ
419 879 529 938 ἀπὸ
568 885 666 953 τῆς
714 888 821 937 AB
861 882 1239 956 τετράγωνον,
1285 882 1348 940 τὸ
1391 884 1453 939 δὲ
1500 890 1606 939 AZ
1644 883 1706 940 τὸ
1746 883 1856 941 ὑπὸ

155 972 270 1025 τῶν
308 975 444 1040 ΒΑ,
498 975 613 1026 ΑΓ
650 970 1051 1043 περιεχόμενον
1109 970 1491 1044 ὀρθογώνιον·
1553 974 1858 1045 περιέχεται

72 1068 126 1108 10
158 1058 261 1130 μὲν
299 1058 409 1131 γὰρ
448 1057 558 1115 ὑπὸ
599 1063 716 1116 τῶν
757 1065 1042 1131 ΔΑ,ΑΓ9
1081 1067 1174 1132 ἴση
1215 1060 1278 1116 δὲ
1316 1059 1495 1133 ἡΑΛ
1532 1065 1597 1134 τῇ
1622 1068 1755 1118 AB·
1793 1061 1856 1119 τὸ

157 1147 220 1203 δὲ
258 1153 368 1203 ΓΕ
402 1146 466 1204 τὸ
506 1146 617 1204 ὑπὸ
657 1153 772 1205 τῶν
811 1155 940 1220 ΑΒ,
972 1154 1101 1205 ΒΓ·
1143 1157 1234 1222 ἴση
1275 1148 1383 1221 γὰρ
1423 1148 1458 1222 ἡ
1491 1157 1602 1207 ΒΕ
1635 1154 1702 1224 τῇ
1733 1158 1858 1207 ΑΒ.

155 1236 218 1293 τὸ
260 1235 371 1307 ἄρα
409 1235 520 1293 ὑπὸ
560 1241 674 1294 τῶν
705 1243 979 1309 ΒΑ,·ΑΓ
996 1238 1130 1310 μετὰ
1171 1242 1275 1295 τοῦ
1305 1238 1415 1295 ὑπὸ
1446 1244 1561 1296 τῶν
1591 1246 1721 1311 AB,
1755 1246 1865 1296 ΒΓ

158 1332 284 1382 ἴσον
325 1326 440 1382 ἐστὶ
479 1329 555 1402 τῷ
597 1324 706 1383 ἀπὸ
747 1330 847 1398 τῆς
886 1333 997 1383 AB
1036 1327 1381 1404 τετραγώνῳ.

257 1413 392 1470 Ἐὰν
424 1413 534 1487 ἄρα
566 1413 764 1471 εὐθεῖα
795 1415 1018 1488 γραμμὴ
1051 1420 1259 1489 τμηθῇ,
1299 1415 1374 1483 ὡς
1406 1420 1616 1489 ἔτυχεν,
1651 1417 1715 1474 τὸ
1746 1416 1855 1474 ὑπὸ

69 1512 124 1553 15
155 1507 252 1576 τῆς
298 1502 431 1575 ὅλης
476 1504 568 1559 καὶ
627 1505 891 1576 ἑκατέρου
936 1508 1050 1560 τῶν
1103 1504 1404 1577 τμημάτων
1457 1505 1857 1579 περιεχόμενον

157 1591 520 1666 ὀρθογώνιον
569 1600 696 1650 ἴσον
744 1594 859 1649 ἐστὶ
907 1597 983 1669 τῷ
1032 1592 1144 1650 ἀπὸ
1196 1597 1295 1666 τῆς
1334 1592 1467 1666 ὅλης
1504 1593 1855 1670 τετραγώνῳ·

156 1680 291 1755 ὅπερ
332 1686 445 1738 ἔδει
472 1670 674 1749 ’δεῖξαμ

1952 1795 1956 1816 -.
1951 1750 1956 1773 -
1950 1598 1956 1733 .—...—-.
1947 1034 1956 1583 -—..-——————-.-=a—-.—.w
1945 962 1948 967 ·

970 1808 1041 1858 γ.

261 1888 407 1946 Ἐὰν
462 1886 695 1946 εὐθεῖα
748 1889 1010 1962 γραμμὴ
1058 1893 1300 1964 τμηθῇ,
1355 1889 1437 1957 ὡς
1483 1893 1737 1962 ἔτυχεν,
1785 1892 1855 1947 τὸ

66 1987 123 2028 20
155 1977 279 2036 ὑπὸ
344 1981 457 2051 τῆς
518 1977 674 2051 ὅλης
726 1979 833 2034 καὶ
888 1977 1038 2044 ἑνὸς
1089 1982 1221 2035 τῶν
1274 1977 1625 2051 τμημάτων
1679 1998 1856 2052 περι·
1953 1983 1956 2034 ζ

155 2066 476 2141 εχόμενον
547 2065 974 2140 ὀρθογώνιον
1045 2074 1196 2124 ἴσον
1258 2068 1394 2124 ἐστὶ
1456 2071 1540 2144 τῷ
1602 2089 1667 2124 τε
1727 2066 1852 2125 ὑπὸ

153 2160 282 2212 τῶν
319 2155 672 2229 τμημάτων
712 2157 1158 2234 περιεχομένῳ
1201 2155 1595 2233 ὀρθογωνίῳ
1627 2157 1735 2212 καὶ
1770 2160 1853 2235 τῷ

155 2244 282 2303 ἀπὸ
322 2246 969 2323 τοῦιπροειρημένου
1006 2245 1337 2318 τμήματος
1374 2245 1776 2322 τετραγώνῳ.

266 2333 485 2390 Εὐθεῖα
524 2334 632 2407 γὰρ
672 2333 707 2407 ἡ
747 2341 856 2391 ΑΒ
895 2334 1208 2407 τετμήσθω,
1249 2334 1326 2401 ὥς
1365 2339 1575 2408 ἔτυχεν,
1614 2334 1751 2391 κατὰ
1788 2334 1851 2393 τὸ

65 2430 122 2472 25
154 2429 226 2480 Γ·
274 2425 436 2497 λέγω,
478 2422 564 2480 ὅτι
602 2423 666 2480 τὸ
707 2421 817 2480 ὑπὸ
857 2427 972 2481 τῶν
1011 2431 1140 2496 ΑΒ,
1181 2429 1292 2481 ΒΓ
1323 2423 1720 2498 περιεχόμενον
1761 2422 1852 2498 ὀρ-

152 2511 444 2584 θογώνιον
501 2519 629 2569 ἴσον
675 2513 790 2570 ἐστὶ
835 2515 911 2590 τῷ
961 2535 1018 2569 τε
1067 2511 1178 2570 ὑπὸ
1226 2517 1340 2570 τῶν
1379 2518 1504 2584 ΑΓ,
1560 2518 1662 2570 ΓΒ
1701 2533 1853 2588 περι·
1951 2554 1956 2589 3-

153 2600 396 2676 εχομένῳ
430 2598 765 2676 ὀρθογωνίῳ
798 2599 932 2672 μετὰ
957 2604 1060 2657 τοῦ
1084 2600 1192 2658 ἀπὸ
1230 2605 1329 2673 τῆς
1351 2607 1463 2658 ΒΓ
1485 2602 1850 2675 τετραγώνου.
1953 2615 1956 2617 ’

271 2747 350 2793 111.
391 2748 579 2805 Pappus
610 2748 653 2792 V
684 2764 728 2806 p.
754 2752 922 2806 378,8.
962 2753 1160 2807 380,14.
1201 2756 1392 2807 420‚11‚
1413 2756 1481 2796 19.
1543 2751 1768 2797 Eutocius
1799 2751 1852 2797 in

151 2808 359 2853 Archim.
391 2807 456 2851 III
487 2823 532 2865 p.
558 2812 660 2864 256,
679 2813 718 2853 5.
782 2807 973 2854 Boetius
1005 2824 1051 2866 p.
1076 2814 1178 2865 385,
1196 2815 1236 2856 9.

274 2947 312 2986 7.
347 2938 464 3000 ἐστι]
499 2954 588 2986 om.
622 2941 771 2988 BFV.
896 2943 1007 3001 ΓΕ]
1041 2956 1066 2988 e
1099 2957 1213 2989 corr.
1247 2943 1301 2988 V.
1426 2939 1545 3002 ἔστι]
1579 2940 1705 2990 ἔστιν
1737 2945 1788 2990 Ρ.
