1956 3074
98 1147 156 1187 10

98 1589 155 1629 15

94 2033 157 2073 20

186 131 297 184 202
824 133 1160 176 ΣΤοΙΧΕΙῼΝ
1189 129 1252 190 γ’.

187 261 387 321 σημεῖα
425 246 459 320 ἢ
486 248 669 319 [καθ’]
697 251 776 320 ἓν,
818 249 917 306 ἐάν
946 271 1005 306 τε
1045 249 1202 316 ἐντὸς
1233 250 1332 306 εὀἱν
1363 272 1422 306 τε
1454 249 1607 317 ἐκτὸς
1638 251 1877 324 ἐφάπτη-

186 356 307 393 ται·
348 337 483 409 ὅπερ
525 342 635 394 ἔδει
677 339 864 407 δεῖξαι.

990 501 1088 557 ιδ’.

293 602 395 660 Ἐν
448 605 665 681 κύκλῳ
715 607 785 660 αἱ
828 612 968 660 ἶσαι
1016 601 1279 660 εὐθεῖαι
1330 611 1476 660 ἴσον
1517 604 1878 676 ἀπέχουσιν

188 690 313 748 ἀπὸ
364 696 480 747 τοῦ
527 694 832 765 κέντρου,
887 692 995 748 καὶ
1042 696 1112 747 αἱ
1156 700 1304 748 ἴσον
1343 690 1708 765 ἀπέχουσαι
1748 692 1876 749 ἀπὸ

185 784 304 836 τοῦ
341 781 626 854 κέντρου
665 788 804 837 ἶσαι
845 780 1165 853 ἀλλήλαις
1205 786 1398 837 εἰσίν.

281 868 464 925 ’Έστω
503 869 707 934 κύκλος
745 868 774 925 ὁ
807 875 1058 939 ΑΒΓΔ,
1097 871 1188 925 καὶ
1230 871 1290 925 ἐν
1330 868 1480 946 αὐτῷ
1514 876 1628 925 ἴσαι
1662 868 1878 926 εὐθεῖαι

187 962 436 1019 ἔστωσαν
492 960 554 1012 αἰ
597 964 733 1029 ΑΒ,
772 963 905 1014 ΓΔ·
965 959 1125 1029 λέγω,
1184 956 1267 1014 ὅτι
1322 960 1385 1013 αἱ
1421 965 1556 1030 ΑΒ,
1596 963 1699 1015 ΓΔ
1753 966 1878 1015 ἴσον

186 1044 493 1120 ἀπέχουσιν
533 1045 642 1103 ἀπὸ
682 1050 785 1103 τοῦ
823 1048 1074 1118 κέντρου.

299 1135 579 1207 Εἰλήφθω
635 1135 767 1207 γὰρ,
796 1134 859 1192 τὸ
923 1137 1156 1207 κέντρον
1216 1140 1318 1191 τοῦ
1380 1141 1602 1193 ΑΒΓΔ
1670 1135 1881 1191 κύκλου

187 1225 280 1280 καὶ
321 1228 458 1280 ἔστω
497 1224 561 1281 τὸ
604 1231 669 1294 Ε,
708 1225 800 1280 καὶ
840 1222 949 1280 ἀπὸ
989 1227 1090 1279 τοῦ
1130 1231 1183 1280 Ε
1219 1225 1304 1281 ἐπὶ
1343 1223 1442 1290 τὰς
1481 1231 1608 1295 ΑΒ,
1649 1229 1751 1280 ΓΔ
1789 1223 1882 1279 κά-

186 1321 346 1369 θετοι
400 1311 672 1385 ἤχθωσαν
728 1315 789 1367 αἰ
833 1318 963 1382 ΕΖ,
1020 1318 1158 1381 ΕΗ,
1213 1314 1304 1368 καὶ
1354 1312 1774 1384 ἐπεζεύχθωσαν
1823 1315 1901 1367 αἱ·

187 1407 318 1472 ΑΕ,
358 1406 475 1457 ΕΓ.

296 1489 443 1546 Ἐπεὶ
492 1483 598 1545 οὖν
646 1487 843 1545 εὐθεῖά
889 1511 972 1554 τις
1023 1487 1117 1569 ςδιὰ
1157 1491 1260 1544 τοῦ
1298 1490 1535 1561 κέντρου
1573 1486 1608 1560 ἡ
1649 1494 1752 1544 ΕΖ
1792 1487 1880 1544 εὐ-

187 1578 356 1635 θεῖάν
394 1601 520 1635 τινα
559 1577 633 1650 μὴ
673 1576 766 1634 διὰ
806 1580 907 1633 τοῦ
946 1578 1182 1649 κέντρου
1227 1576 1332 1649 τὴν
1372 1583 1483 1633 ΑΒ
1523 1575 1662 1649 πρὸς
1701 1575 1883 1650 ὀρθὰς

186 1669 390 1740 τέμνει,
429 1669 521 1724 καὶ
562 1672 690 1740 δίχα
730 1665 908 1739 αὐτήν
947 1667 1146 1738 τέμνει.
1198 1673 1289 1738 ἴση
1323 1664 1433 1739 ἄρα
1463 1663 1498 1739 ἡ
1532 1675 1584 1722 Α
1596 1672 1640 1721 Ζ
1670 1669 1736 1739 τῇ
1765 1672 1881 1721 ΖΒ·

189 1759 355 1827 διπλῆ
397 1754 507 1827 ἄρα
546 1753 580 1827 ἡ
616 1761 724 1811 ΑΒ
755 1758 853 1826 τῆς
885 1760 1006 1810 ΑΖ.
1063 1753 1156 1810 διὰ
1194 1752 1260 1809 τὰ
1302 1751 1442 1809 αὐτὰ
1483 1753 1552 1826 δὴ
1593 1756 1686 1811 καὶ
1717 1753 1751 1827 ἡ
1779 1760 1882 1810 ΓΔ

186 1848 285 1916 τῆς
323 1848 443 1901 ΓΗ
491 1844 605 1899 ἐστι
658 1847 854 1915 διπλῆ·
915 1848 1014 1898 καί
1055 1845 1205 1899 ἐστιν
1253 1850 1344 1914 ἴση
1396 1841 1430 1915 ἡ
1479 1850 1588 1899 AB
1635 1847 1699 1917 τῇ
1753 1847 1806 1898 Γ
1800 1850 1855 1898 Δ
1871 1862 1881 1872 ·

189 1941 281 2005 ἴση
321 1932 431 2005 ἄρα
468 1934 562 1990 καὶ
601 1931 635 2005 ἡ
680 1939 786 1989 ΑΖ
827 1936 893 2006 τῇ
926 1937 1054 1988 ΓΗ.
1091 1933 1184 1988 καὶ
1224 1932 1339 1989 ἐπεὶ
1379 1940 1472 2004 ἴση
1514 1933 1665 1988 ἐστὶν
1703 1930 1737 2004 ἡ
1771 1939 1886 1987 ΑΕ

188 2027 253 2096 τῇ
289 2027 418 2093 ΕΓ,
466 2031 591 2079 ἴσον
637 2022 729 2077 καὶ
775 2021 839 2078 τὸ
888 2019 996 2077 ἀπὸ
1043 2025 1142 2093 τῆς
1188 2027 1302 2077 ΑΕ
1342 2025 1419 2097 τῷ
1467 2018 1576 2077 ἀπὸ
1627 2024 1727 2092 τῆς
1765 2025 1882 2076 ΕΓ.

189 2108 330 2167 ἀλλὰ
366 2114 443 2187 τῷ
484 2110 587 2182 μὲν
627 2109 735 2166 ἀπὸ
774 2112 872 2182 τῆς
904 2115 1018 2165 ΑΕ
1046 2117 1139 2165 ἴσα
1178 2108 1244 2165 τὰ
1285 2108 1395 2165 ἀπὸ
1435 2112 1549 2165 τῶν
1589 2115 1716 2180 ΑΖ,
1750 2115 1881 2164 ΕΖ·

189 2197 338 2274 ὀρθὴ
386 2198 495 2271 γὰρ
541 2198 575 2271 ἡ
622 2198 762 2271 πρὸς
806 2201 882 2274 τῷ
924 2205 969 2254 Ζ
1008 2203 1214 2270 γωνία·
1275 2202 1353 2274 τῷ
1394 2198 1456 2254 δὲ
1495 2195 1605 2254 ἀπὸ
1644 2201 1742 2268 τῆς
1780 2202 1892 2252 ΕΓ

190 2295 284 2344 ἴσα
322 2285 540 2344 τὰιᾶπὸ
579 2291 693 2344 τῶν
734 2293 874 2358 ΕΗ,
920 2292 1058 2343 ΗΓ·
1122 2284 1269 2359 ὀρθὴ
1311 2284 1419 2359 γὰρ
1459 2284 1494 2358 ἡ
1532 2285 1674 2358 πρὸς
1710 2290 1786 2362 τῷ
1827 2291 1891 2341 Η

188 2381 396 2448 γωνία·
458 2376 525 2432 τὰ
565 2376 676 2448 ἄρα
716 2375 823 2432 ἀπὸ
864 2380 979 2433 τῶν
1018 2382 1145 2446 ΑΖ,
1188 2381 1294 2431 ΖΕ
1330 2382 1424 2432 ἴσα
1464 2375 1577 2432 ἐστὶ
1616 2385 1732 2440 τοῖς
1771 2373 1881 2431 ἀπὸ
1949 2407 1956 2410 -

311 2575 349 2615 1.
382 2565 526 2628 καθ’]
560 2582 649 2614 om.
676 2569 913 2626 PBFVp1
956 2585 966 2594 ·
1003 2565 1154 2627 ἐντός]
1188 2565 1324 2620 ε’κτός
1354 2568 1456 2613 BV.
1565 2564 1719 2626 ἐκτός]
1753 2563 1885 2618 ἐντός

189 2629 292 2673 BV.
394 2628 508 2673 Post
539 2624 672 2678 ἐντός
702 2627 752 2671 in
782 2628 817 2672 F
850 2629 923 2672 est
952 2620 997 2684 ἦ.
1113 2633 1152 2674 2.
1187 2623 1304 2685 ὅπερ
1337 2626 1435 2672 ἔδει
1467 2627 1643 2685 δεῖξαι]
1677 2645 1756 2670 τω
1786 2627 1882 2681 BF,
1952 2655 1956 2661 -

188 2702 281 2732 om.
312 2688 364 2732 P.
458 2692 497 2732 3.
533 2683 630 2745 ιδ’]
664 2685 739 2734 ις’
771 2687 829 2740 F;
864 2701 976 2732 corr.
1012 2702 1072 2730 m.
1098 2692 1138 2732 2.
1231 2693 1273 2733 4.
1308 2684 1379 2745 ἐν]
1403 2686 1527 2732 inter
1552 2702 1572 2731 ε
1607 2690 1655 2730 et
1686 2705 1714 2732 ν
1748 2686 1883 2731 1litt.

186 2761 305 2792 eras.
339 2747 390 2791 P.
527 2751 566 2791 ⁷.
599 2749 792 2790 ΑΒΔΓ
817 2761 862 2803 p.
986 2751 1026 2791 8.
1060 2741 1133 2790 ὅτι
1165 2744 1220 2790 αἱ
1247 2749 1352 2803 ΑΒ,
1389 2746 1491 2804 ΓΔ]
1523 2747 1581 2801 Ρς
1615 2741 1688 2791 ὅτι
1722 2747 1886 2791 Theon

190 2805 416 2862 (BFVp).
485 2811 552 2850 10.
571 2809 760 2849 ΑΒΔΓ
780 2820 824 2863 p.
892 2811 960 2849 12.
978 2802 1597 2864 αἴΕΖ-ἐπεζεῦχθωσαν]
1614 2819 1702 2863 mg.
1724 2803 1882 2852 m.1P.

192 2871 260 2908 13.
294 2866 402 2922 ΑΕ]
435 2865 528 2910 litt.
563 2869 598 2908 A
630 2865 679 2908 in
709 2877 799 2908 ras.
832 2879 892 2908 m.
919 2869 944 2908 2
977 2865 1033 2908 V.
1135 2866 1254 2923 ΕΓ]
1291 2867 1380 2908 ΓΕ
1412 2865 1500 2921 Pp.
1596 2870 1666 2910 16.
1698 2865 1858 2922 τέμνει

187 2923 310 2980 (alt.)
341 2929 479 2981 τεμεῖ
502 2923 600 2968 FV.
760 2923 860 2981 ZB]
895 2926 977 2967 BZ
1007 2922 1057 2979 P,
1105 2925 1193 2968 ΖΘ
1225 2942 1260 2980 φ
1295 2926 1405 2981 (non
1436 2924 1505 2979 F).
1660 2930 1730 2970 18.
1763 2921 1859 2969 ἔστι
