1956 3074
142 1068 199 1108 10

146 1525 199 1565 15

143 1968 201 2008 20

145 2410 200 2450 25

231 157 338 210 108
874 157 1212 201 ΣΤΟΙΧΕΙΩΝ
1242 154 1310 201 α’.

234 275 329 330 καὶ
367 275 721 347 παράλληλοί
754 278 919 331 εἰσιν·
956 275 1539 349 παραλληλόγραμμον
1576 273 1684 348 ἄρα
1716 276 1828 331 ἐστὶ
1858 298 1922 334 το

229 368 494 419 ΚΖΛΜ
533 364 626 418 καὶ
658 364 775 419 ἐπεὶ
808 369 934 419 ἴσον
967 364 1082 423 ἐστὶ
1105 363 1168 420 τὸ
1201 363 1304 435 μὲν
1336 370 1511 419 ΑΒΔ
1538 370 1815 436 τρίγωνον
1845 369 1922 440 τῷ

231 457 334 506 ΖΘ
380 452 967 527 παραλληλογράμμῳ,
1020 451 1082 507 τὸ
1135 452 1198 508 δὲ
1245 456 1419 507 ΔΒΓ
1456 455 1533 527 τῷ
1572 457 1732 522 ΗΜ,
1787 450 1924 508 ὅλον

230 538 342 613 ἄρα
379 539 442 595 τὸ
480 545 711 596 ΑΒΓΔ
750 538 1155 613 εὐθύγραμμον
1191 539 1302 615 ὅλῳ
1335 544 1411 616 τῷ
1444 546 1697 596 ΚΖΛΜ
1718 546 1924 612 παραλ-

231 627 606 703 ληλογράμμῳ
647 628 797 684 ἐστὶν
838 635 980 684 ἴσον.

349 721 399 770 Τ
396 718 438 791 ᾧ
464 714 575 788 ἄρα
608 717 838 772 δοθέντι
871 715 1251 793 εὐθυγράμμῳ
1276 720 1352 792 τῷ
1379 722 1602 775 ΑΒΓΔ
1634 723 1759 772 ἴσον
1791 734 1924 787 παρ-

231 803 702 876 αλληλόγραμμον
749 806 1079 861 συνέσταται
1132 805 1195 862 τὸ
1236 811 1489 863 ΚΖΛΜ
1536 807 1597 860 ἐν
1644 809 1822 879 γωνίᾳ
1859 807 1926 878 τῇ

230 889 341 949 ὑπὸ
383 899 497 948 ΖΚ
505 899 587 964 M,
630 891 667 964 ἥ
708 895 858 949 ἐστιν
897 900 991 965 ἴση
1030 898 1096 966 τῇ
1137 898 1373 967 δοθείσῃ
1413 898 1478 967 τῇ
1521 900 1597 952 Ε·
1639 891 1774 966 ὅπερ
1814 897 1926 953 ἔδει

230 984 474 1052 ποιῆσαι.

1019 1056 1137 1128 με’.

338 1155 486 1214 Ἀπὸ
526 1161 639 1230 τῆς
671 1162 990 1231 δοθείσης
1021 1158 1292 1225 εὐθείας
1322 1158 1746 1231 τετράγωνον
1779 1157 1925 1218 ἀνα-

230 1245 495 1319 γράψαμ

327 1333 508 1390 ’Ἑστω
557 1332 589 1406 ἡ
638 1338 876 1392 δοθεῖσα
915 1335 1111 1392 εὐθεῖα
1150 1334 1184 1407 ἡ
1225 1343 1362 1397 ΑΒ·
1428 1339 1522 1395 ,δεῖ
1566 1335 1635 1407 δὴ
1683 1334 1790 1396 ἀπὸ
1832 1340 1929 1408 τῆς

231 1429 341 1479 ΑΒ
381 1420 607 1489 εὐθείας
644 1424 997 1498 τετράγωνον
1036 1423 1372 1496 ἀναγράψαι.

329 1511 530 1584 ’Ήχθω
569 1516 635 1586 τῇ
676 1520 730 1568 A
739 1519 785 1568 Β
818 1510 1014 1587 εὐθείᾳ
1051 1511 1162 1568 ἀπὸ
1202 1517 1303 1570 τοῦ
1343 1511 1482 1585 πρὸς
1522 1511 1661 1587 αὐτῇ
1696 1517 1929 1585 σημείου

231 1604 333 1657 τοῦ
378 1609 432 1656 Α
476 1600 616 1672 πρὸς
655 1599 834 1673 ὀρθὰς
873 1599 907 1672 ἡ
949 1607 1081 1671 ΛΓ,
1122 1601 1214 1658 καὶ
1253 1606 1463 1659 κείσθω
1502 1605 1568 1675 τῇ
1610 1609 1718 1661 ΑΒ
1759 1609 1851 1674 ἴση
1891 1600 1926 1674 ἡ

232 1698 380 1746 ΑΔ·
419 1690 512 1745 καὶ
551 1689 646 1745 διὰ
688 1689 791 1760 μὲν
830 1693 932 1746 τοῦ
974 1698 1029 1746 Δ
1067 1694 1302 1762 σημείου
1339 1693 1404 1762 τῇ
1438 1696 1547 1753 ΑΒ
1578 1693 1931 1763 παράλληλος

232 1778 394 1851 ἤχθω
427 1777 461 1850 ἡ
497 1784 626 1848 ΔΕ,
669 1772 779 1834 δια
803 1777 864 1834 δὲ
902 1782 1005 1835 τοῦ
1037 1785 1084 1835 Β
1118 1783 1352 1851 σημείου
1389 1782 1456 1852 τῇ
1493 1786 1546 1836 Α
1557 1787 1612 1835 Δ
1650 1779 1929 1853 παράλλη-

232 1874 330 1934 λος
383 1867 545 1939 ἤχθω
594 1865 628 1937 ἡ
675 1872 798 1923 ΒΕ.
883 1866 1483 1940 Παραλληλόγραμμον
1535 1866 1644 1942 ἄρα
1700 1869 1814 1925 ἐστὶ
1863 1867 1926 1926 τὸ

234 1962 499 2013 ΑΔΕΒ·
541 1963 632 2027 ἴση
673 1954 781 2027 ἄρα
822 1955 973 2012 ἐστὶν
1013 1953 1047 2026 ἡ
1087 1954 1189 2026 μὲν
1229 1961 1338 2012 ΑΒ
1376 1959 1442 2029 τῇ
1469 1962 1600 2026 ΔΕ,
1640 1953 1674 2027 ἡ
1716 1955 1778 2012 δὲ
1810 1962 1928 2015 ΑΔ

232 2049 297 2118 τῇ
337 2051 457 2100 ΒΕ.
534 2042 674 2100 ἀλλὰ
723 2042 758 2116 ἡ
799 2050 906 2100 ΑΒ
952 2047 1017 2116 τῇ
1058 2050 1110 2098 Α
1123 2050 1177 2098 Δ
1224 2045 1375 2100 ἐστιν
1422 2051 1535 2116 ἴση·
1570 2047 1632 2100 αἱ
1666 2045 1927 2117 τέσσαρες

233 2132 343 2206 ἄρα
383 2134 445 2187 αἰ
479 2139 614 2203 ΒΑ,
653 2140 796 2205 ΑΔ,
838 2139 967 2204 ΔΕ,
1008 2138 1113 2189 ΕΒ
1153 2139 1268 2188 ἴσαι
1306 2130 1575 2204 ἀλλήλαις
1614 2136 1778 2192 εἰσίν·
1819 2132 1930 2189 ἰσό-

233 2228 477 2293 πλευρον
502 2219 613 2294 ἄρα
641 2223 756 2278 ἐστὶ
780 2221 843 2279 τὸ
870 2226 1100 2278 ΑΔΕΒ
1123 2221 1722 2294 παραλληλόγραμμον.
1784 2222 1926 2292 λέγω

235 2312 331 2382 δή,
378 2308 463 2366 ὅτι
509 2311 601 2366 καὶ
649 2309 1026 2383 ὀρθογώνιον.
1103 2310 1219 2366 ἐπεὶ
1265 2309 1372 2383 γὰρ
1425 2314 1504 2377 εἰς
1541 2309 1931 2383 παραλλήλους

233 2397 330 2465 τὰς
376 2404 511 2470 ΑΒ,
568 2405 686 2455 ΔΕ
729 2397 927 2455 εὐθεῖα
966 2400 1223 2455 ἐνέπεσεν
1273 2397 1308 2471 ἡ
1359 2407 1502 2470 ΑΔ,
1558 2402 1620 2454 αἰ
1662 2397 1772 2472 ἄρα
1818 2396 1928 2454 ὑπὸ

234 2493 440 2557 ΒΑΔ,
487 2493 668 2542 ΑΔΕ
716 2491 918 2559 γωνίαι
973 2487 1078 2543 δύο
1131 2486 1334 2560 ὀρθαῖς
1374 2494 1490 2544 ἴσαι
1529 2490 1687 2544 εἰσίν.
1777 2484 1926 2560 ὀρθὴ

353 2635 516 2681 XLVI.
554 2634 827 2680 Ammonius
858 2635 908 2680 in
939 2634 1164 2693 Porphyr.
1197 2635 1278 2682 fol.
1304 2639 1401 2680 48*.
1445 2635 1636 2681 Boetius
1667 2651 1711 2692 p.
1738 2639 1839 2692 384,
1859 2640 1926 2679 19.

356 2775 394 2814 1.
430 2767 569 2827 εἰσιν]
602 2766 747 2825 PFp;
790 2766 879 2813 εἰσι
911 2768 1068 2825 uulgo.
1141 2768 1245 2824 seq.
1277 2783 1366 2814 ras.
1399 2774 1425 2813 2
1457 2768 1548 2813 litt.
1582 2767 1632 2812 F.
1802 2763 1926 2825 ἔστί]

235 2824 360 2872 ἐστίν
393 2828 493 2874 FV.
641 2831 682 2871 2.
715 2829 875 2872 καί-
901 2826 1008 2885 μέν]
1041 2843 1135 2885 mg.
1167 2843 1229 2872 m.
1256 2832 1279 2871 1
1313 2826 1374 2886 Ρ.ξ
1515 2826 1671 2885 ΑΒΔ]
1705 2830 1840 2870 ΑΔΒ
1870 2841 1928 2883 Ρ;

233 2890 371 2930 ΑΒΓ
397 2885 447 2941 Ρ,
481 2889 529 2931 et
559 2887 609 2943 F,
644 2900 758 2931 corr.
791 2902 851 2932 m.
884 2900 975 2931 rec.
1110 2892 1150 2930 3.
1184 2887 1352 2944 ΔΒΓ]
1385 2888 1529 2930 ΔΑΓ
1554 2885 1603 2930 Ρ.
1727 2890 1767 2929 5.
1803 2881 1929 2929 ἐστὶν

233 2945 355 3003 ἴσον]
388 2945 531 3002 PFp;
566 2947 666 2990 ἴσον
701 2942 827 2989 ἐστίν
857 2945 927 2999 V3
971 2947 1071 2990 ἴσον
1106 2942 1208 2990 ἔστί
1233 2946 1270 2990 Β
1302 2947 1351 2990 013
1381 2959 1529 3002 comp.
1561 2945 1606 2989 b.
1761 2950 1799 2989 6.
1840 2942 1927 3002 τῷ]
