1956 3074
188 112 295 166 176
817 117 1155 162 ΣΤοΙΧΕΙῼΝ
1182 115 1248 174 γ’.

287 233 421 291 Ἐὰν
458 235 570 309 ἄρα
608 238 670 292 έν
707 234 892 313 κύκλῳ
932 237 1039 294 δύο
1074 235 1294 295 εὐθεῖαι
1325 239 1602 310 τέμνωσιν
1631 237 1875 312 ἀλλήλας

178 322 252 395 μὴ
287 323 381 379 διὰ
410 327 514 381 τοῦ
543 325 778 397 κέντρου
810 319 996 398 οὖσαι,
1037 323 1106 383 οὐ
1129 322 1430 398 τέμνουσιν
1455 324 1698 399 ἀλλήλας
1721 331 1873 400 δίχα·

179 410 314 487 ὅπερ
355 417 467 470 ἔδει
508 417 698 482 δεῖξαι.

998 599 1023 633 ε
1051 622 1062 633 .

117 698 143 739 5
283 677 429 735 Ἐὰν
490 679 608 737 δύο
670 680 902 737 κύκλοι
955 681 1284 753 τέμνωσιν
1339 681 1695 754 ἀλλήλους,
1752 682 1872 739 οὐκ

175 773 356 824 ἔσται
395 765 613 825 αὐτῶν
652 768 722 826 τὸ
764 768 924 826 αὐτὸ
964 771 1262 843 κέντρον.

287 855 412 914 Δύο
459 856 566 931 γὰρ
612 858 806 915 κύκλοι
848 861 906 915 οἰ
948 863 1142 932 ΑΒΓ,
1183 864 1359 916 ΓΔΗ
1390 862 1739 933 τεμνέτωσαν
1779 859 1865 918 ἀλ-

172 946 378 1019 λήλους
415 947 553 1003 κατὰ
591 946 660 1003 τὰ
700 954 766 1018 Β,
787 952 840 1004 Γ
872 960 1084 1021 σημεῖα.
1132 950 1294 1022 λέγω,
1336 948 1421 1006 ὅτι
1455 948 1559 1007 οὐκ
1592 955 1742 1007 ἔσται
1776 949 1874 1009 αὐ-

171 1040 286 1093 τῶν
325 1035 388 1092 τὸ
430 1035 568 1094 αὐτὸ
609 1038 859 1110 κέντρον.

88 1141 144 1182 10
289 1128 363 1181 Εἰ
397 1123 506 1200 γὰρ
547 1127 811 1198 δυνατόν,
851 1130 989 1183 ἔστω
1028 1126 1091 1183 τὸ
1122 1133 1187 1199 Ε,
1226 1127 1318 1183 καὶ
1360 1127 1670 1201 ἐπεζεύχθω
1696 1126 1730 1201 ἡ
1758 1134 1871 1200 ΕΓ,

171 1213 264 1269 καὶ
313 1213 531 1286 διήχθω
579 1213 614 1287 ἡ
657 1221 852 1288 ΕΖΗ,
910 1213 984 1283 ὡς
1030 1219 1235 1290 ἔτυχεν.
1284 1217 1375 1273 καὶ
1424 1218 1538 1274 ἐπεὶ
1584 1217 1647 1274 τὸ
1690 1224 1743 1273 Ε
1778 1234 1871 1290 ση-

172 1313 332 1374 μεῖον
382 1302 616 1375 κέντρον
668 1303 782 1360 ἐστὶ
837 1307 940 1359 τοῦ
988 1308 1162 1359 ΑΒΓ
1197 1303 1435 1375 κύκλου,
1491 1312 1582 1376 ἴση
1636 1305 1787 1362 ἐστὶν
1833 1304 1868 1377 ἡ

172 1395 284 1446 ΕΓ
314 1393 379 1465 τῇ
422 1397 540 1447 ΕΖ.
617 1391 814 1464 πάλιν,
862 1393 977 1449 ἐπεὶ
1027 1389 1089 1447 τὸ
1131 1396 1183 1447 Ε
1212 1403 1444 1464 σημεῖον
1482 1394 1716 1467 κέντρον
1757 1395 1871 1450 ἐστὶ

170 1483 274 1536 τοῦ
312 1485 490 1536 ΓΔΗ
520 1480 748 1553 κύκλου,
790 1489 883 1553 ἴση
925 1481 1076 1538 ἐστὶν
1115 1478 1149 1553 ἡ
1191 1486 1303 1538 ΕΓ
1333 1484 1399 1555 τῇ
1441 1488 1585 1538 ΕΗ·
1644 1484 1870 1555 ἐδείχθη

84 1584 138 1625 15
173 1567 235 1625 δὲ
288 1567 323 1641 ἡ
372 1574 484 1625 ΕΓ
522 1570 613 1625 καὶ
662 1572 728 1644 τῇ
777 1575 882 1626 ΕΖ
930 1578 1048 1643 ἴση·
1118 1570 1212 1626 καὶ
1259 1567 1293 1643 ἡ
1341 1576 1446 1626 ΕΖ
1492 1569 1602 1644 ἄρα
1649 1573 1714 1645 τῇ
1756 1577 1880 1627 ΕΗ

171 1659 323 1714 ἐστιν
364 1666 454 1731 ἴση
495 1656 809 1731 ἡέλάσσων
848 1661 914 1733 τῇ
938 1663 1175 1731 μείζονι·
1216 1658 1351 1734 ὅπερ
1378 1659 1530 1717 ἐστὶν
1567 1658 1869 1717 ἀδύνατον.

171 1745 274 1803 οὐκ
312 1746 422 1820 ἄρα
459 1746 521 1805 τὸ
555 1753 608 1804 Ε
636 1756 868 1821 σημεῖον
906 1750 1141 1823 κέντρον
1182 1749 1296 1806 ἐστὶ
1334 1752 1449 1806 τῶν
1483 1754 1664 1821 ΑΒΓ,
1701 1754 1880 1806 ΓΔΗ

169 1835 404 1894 κύκλων.

276 1923 406 1982 Ἐὰν
446 1949 556 2001 αρα
588 1926 694 1984 δύο
727 1928 923 1984 κύκλοι
946 1911 1224 2000 τέμνωσιν
1249 1925 1542 1999 ἀλλήλους,
1584 1924 1686 1983 οὐκ
1717 1931 1868 2025 ἔστιν

81 2028 139 2069 20
170 2011 358 2071 αὐτων
396 2013 458 2071 τὸ
500 2013 638 2072 αὐτὸ
679 2017 940 2090 κέντρον·
981 2036 1116 2089 οπερ
1157 2018 1268 2072 ἔδει
1311 2017 1502 2084 δεῖξαι.

983 2178 1037 2239 ς’

277 2279 422 2337 Ἐὰν
470 2281 587 2338 δύο
635 2282 867 2339 κύκλοι
908 2281 1327 2355 ἐφάπτωνται
1361 2280 1690 2355 ἀλλήλων,
1747 2280 1865 2339 οὐκ

170 2373 351 2426 ἔσται
390 2368 608 2427 αὐτῶν
647 2369 718 2428 τὸ
761 2369 919 2428 αὐτὸ
958 2373 1254 2445 κέντρον.

230 2534 234 2538 ’
289 2538 331 2579 2.
372 2530 434 2591 μὴ
468 2529 549 2578 διὰ
576 2559 631 2566 -
658 2535 788 2594 δίχα]
820 2533 902 2579 καὶ
933 2530 991 2578 τά
1026 2531 1138 2591 ἑξῆς
1168 2534 1318 2579 BFV.
1474 2540 1513 2581 7.
1558 2535 1724 2593 ΓΔΗ]
1766 2538 1868 2579 ΔΗ

168 2592 225 2638 V.
348 2597 390 2638 8.
422 2597 476 2650 Β,
510 2592 578 2651 Γ]
614 2596 664 2647 Γ,
699 2596 734 2637 Β
765 2609 811 2652 p.
940 2599 1006 2639 10.
1040 2595 1161 2653 ΕΓ]
1198 2596 1287 2639 ΓΕ
1317 2609 1361 2652 p.
1488 2599 1558 2640 11.
1592 2593 1724 2651 ἔτυχε
1757 2610 1802 2652 p.

170 2656 240 2696 12.
275 2649 401 2697 ἐστίν
432 2651 487 2697 V.
633 2652 738 2727 τοῦ]
769 2653 843 2698 bis
874 2652 921 2698 P.
1063 2658 1133 2699 13.
1168 2650 1294 2698 ἐστίν
1331 2654 1382 2699 V.
1515 2658 1586 2699 14.
1619 2653 1739 2712 ΕΓ]
1774 2656 1863 2699 ΓΕ

168 2709 217 2755 P.
366 2716 435 2756 15.
467 2711 582 2756 Post
613 2711 851 2758 ᾱέιῑῑιι.
883 2726 999 2758 eras.
1032 2713 1088 2758 v.
1211 2713 1317 2772 ΕΖ]
1350 2713 1669 2771 (altyzssP
1795 2718 1896 2759 ιε..

188 2766 405 2827 σηὲστίν
436 2786 481 2830 p.
630 2767 832 2816 ἐλάττων
868 2772 1013 2844 ΒΨΡ,
1148 2768 1296 2832 ἐστίν]
1330 2786 1422 2818 om.
1451 2772 1506 2818 V.
1634 2777 1702 2818 17.
1738 2769 1864 2818 ἐστίν

167 2829 223 2875 V.
379 2835 447 2876 19.
482 2828 710 2888 ἔσταιῩΡ.
879 2837 949 2877 22.
982 2827 1194 2888 ἀλλήλων
1228 2828 1360 2884 ἐντός
1389 2832 1433 2878 V
1466 2833 1515 2877 et
1543 2831 1581 2876 F
1613 2846 1674 2875 m.
1699 2834 1753 2878 2.
