1956 3074
233 80 260 132 1
270 81 302 132 6
862 83 1196 126 ΣΤΟΙΧΕΙΩΝ
1227 99 1256 125 α
1268 78 1292 125 ’.

343 198 458 254 Καὶ
510 198 625 254 ἐπεὶ
674 198 737 255 τὸ
781 206 834 254 Α
884 210 1115 271 σημεῖον
1164 202 1397 273 κέντρον
1448 198 1562 256 ἐστὶ
1607 204 1709 256 τοῦ
1752 207 1920 256 ΔΕΖ

228 286 465 358 κύκλου,
523 295 614 359 ἴση
657 290 807 344 ἐστὶν
854 286 888 358 ἡ
927 295 1043 344 ΑΕ
1076 292 1141 362 τῇ
1183 296 1328 344 ΑΔ·
1383 287 1525 345 ἀλλὰ
1564 289 1656 344 καὶ
1695 287 1728 360 ἡ
1771 294 1824 344 Γ
1853 293 1919 362 τῇ

229 383 349 431 ΑΔ
374 378 539 439 ,ἐστιν
579 383 687 448 ἴση.
740 376 966 449 ἑκατέρα
1005 375 1114 448 ἄρα
1153 381 1265 433 τῶν
1291 384 1418 447 ΑΕ,
1447 382 1500 433 Γ
1522 380 1589 450 τῇ
1615 384 1732 432 ΑΛ
1771 379 1920 433 ἐστιν

232 471 353 536 ἴση·
395 463 668 520 ὥστεκαὶ
709 463 743 536 ἡ
785 472 900 521 ΑΕ
934 469 999 538 τῇ
1040 471 1093 521 Γ
1126 468 1275 522 ἐστιν
1316 473 1424 537 ἴση.

171 564 198 603 5
345 552 470 608 Δύο
519 552 629 626 ἄρα
677 557 960 610 δοθεισῶν
1006 551 1247 610 εὐθειῶν
1295 553 1510 610 ἀνίσων
1547 558 1662 610 τῶν
1701 561 1836 625 ΑΒ,
1877 560 1929 610 Γ

230 639 340 697 άπὸ
381 644 477 712 τῆς
516 647 767 713 μείζονος
803 646 901 712 τῆς
925 649 1032 697 ΑΒ
1063 646 1130 716 τῇ
1172 642 1432 698 ἐλάσσονι
1472 645 1536 716 τῇ
1562 647 1614 698 Γ
1647 650 1738 713 ἴση
1779 641 1922 716 ἀφῄ-

231 751 392 802 ρηται
431 727 465 800 ἡ
508 737 648 785 AE·
690 728 824 801 ὅπερ
866 733 979 785 ἔδει
1016 734 1259 802 ποιῆσαι.

1040 892 1112 948 δ’.

303 993 451 1051 Ἐὰν
479 994 598 1051 δύο
630 1001 922 1069 τρίγωνα
953 995 1065 1062 τὰς
1096 995 1214 1052 δύο
1248 995 1533 1069 πλευρὰς
1559 1000 1743 1065 [ταῖς]
1771 997 1921 1051 δυσὶ

147 1095 203 1134 10
233 1090 549 1153 πλευραῖς
609 1091 756 1151 ἴσας
817 1088 924 1158 ἔχῃ
988 1085 1304 1157 ἑκατέραν
1345 1086 1615 1158 ἑκατέρα
1660 1084 1767 1139 καὶ
1806 1083 1923 1156 τὴν

230 1177 487 1244 γωνίαν
532 1177 604 1246 τῇ
645 1179 862 1248 γωνία
901 1181 1052 1245 ἴσην
1092 1177 1200 1245 ἔχῃ
1254 1170 1371 1243 τὴν
1422 1170 1546 1228 ὑπὸ
1585 1176 1714 1228 τῶν
1755 1180 1919 1229 ἴσων

231 1260 520 1318 εὐθειῶν
559 1264 1061 1335 περιεχομένην,
1100 1261 1208 1317 καὶ
1246 1260 1363 1332 τὴν
1403 1261 1597 1332 βάσιν
1628 1265 1701 1335 τῇ
1735 1262 1923 1334 βάσει

233 1357 383 1421 ἴσην
432 1352 587 1422 ἕξει,
644 1352 751 1406 καὶ
797 1350 869 1408 τὸ
917 1355 1247 1422 τρίγωνον
1293 1354 1377 1427 τῷ
1423 1349 1720 1426 τριγώνῳ
1771 1357 1924 1405 ἴσον

232 1442 441 1511 ἔσται,
487 1441 596 1496 καὶ
643 1442 713 1495 αἱ
755 1441 983 1495 λοιπαὶ
1030 1443 1271 1510 γωνίαι
1317 1449 1459 1504 ταῖς
1504 1444 1766 1504 λοιπαῖς
1804 1461 1924 1509 γω-

145 1538 199 1578 15
232 1531 410 1593 νιάις
450 1534 589 1583 ἴσαι
627 1532 894 1584 ἔσονται
942 1529 1217 1600 ἑκατέρα
1256 1527 1560 1601 ἑκατέρα,
1611 1524 1719 1598 ὑφ’
1756 1524 1828 1593 ἃς
1860 1529 1929 1582 αἱ

234 1624 371 1672 ἴσαι
411 1618 690 1689 πλευραὶ
730 1615 1218 1673 ὑποτείνουσιν.

330 1703 511 1761 ’Ἑστω
554 1705 658 1761 δύο
700 1711 947 1779 τρίγωνα
985 1705 1052 1761 τὰ
1079 1710 1260 1776 ΑΒΓ,
1303 1711 1468 1761 ΔΕΖ
1507 1703 1604 1771 τὰς
1635 1704 1740 1760 δύο
1766 1711 1923 1761 πλευ-

234 1791 335 1865 ρὰς
372 1791 471 1859 τὰς
517 1800 644 1864 ΑΒ,
676 1799 791 1849 ΑΓ
836 1805 956 1860 ταῖς
1003 1794 1131 1849 δυσὶ
1179 1800 1440 1867 πλευραῖς
1485 1804 1604 1859 ταῖς
1651 1800 1782 1864 ΛΕ,
1816 1800 1926 1849 ΛΖ

235 1889 357 1947 ἴσας
413 1886 610 1953 ἔχοντα
658 1884 922 1954 ἑκατέραν
974 1883 1203 1956 ἑκατέρα
1251 1882 1354 1954 τὴν
1394 1882 1495 1954 μὲν
1537 1889 1643 1938 AB
1696 1886 1762 1956 τῇ
1813 1889 1930 1938 ΔΕ

147 1985 203 2026 20
235 1968 339 2040 τὴν
380 1968 443 2024 δὲ
482 1975 596 2026 ΑΓ
628 1973 693 2043 τῇ
727 1978 835 2026 ΛΖ
883 1971 974 2026 καὶ
1022 1974 1236 2041 γωνίαν
1266 1971 1371 2042 τὴν
1400 1969 1511 2026 ὑπὸ
1546 1976 1718 2026 ΒΑΓ
1748 1975 1927 2045 γωνία

233 2061 298 2130 τῇ
339 2056 448 2114 ὑπὸ
493 2065 660 2114 ΕΛΖ
700 2065 844 2130 ἴσην.
891 2060 1052 2130 λέγω,
1093 2057 1177 2115 ὅτι
1216 2060 1308 2115 καὶ
1347 2059 1511 2130 βάσις
1548 2057 1582 2130 ἡ
1624 2064 1735 2115 ΒΓ
1765 2058 1927 2129 βάσει

233 2150 298 2219 τῇ
348 2153 452 2202 ΕΖ
501 2152 591 2219 ἴση
642 2150 810 2219 ἐστίν,
865 2149 956 2204 καὶ
1003 2147 1065 2203 τὸ
1107 2153 1279 2203 ΑΒΓ
1318 2152 1597 2221 τρίγωνον
1641 2150 1717 2223 τῷ
1759 2153 1926 2203 ΔΕΖ

234 2234 488 2311 τριγώνῳ
538 2243 664 2291 ἴσον
712 2240 890 2307 ἔσται,
945 2237 1036 2291 καὶ
1086 2239 1150 2291 αἰ
1190 2237 1380 2292 λοιπαὶ
1418 2241 1619 2308 γωνίαι
1659 2246 1777 2301 ταῖς
1815 2241 1927 2291 λοι-

235 2335 364 2390 παῖς
414 2329 647 2396 γωνίαις
701 2332 817 2380 ἴσαι
858 2329 1079 2380 ἔσονται
1141 2324 1372 2398 ἑκατέρα
1410 2325 1666 2398 ἑκατέρᾳ,
1717 2321 1818 2394 ὑφ’
1863 2320 1928 2389 ἃς

148 2429 204 2469 25
237 2416 299 2468 αἱ
350 2421 464 2468 ἴσαι
519 2413 752 2486 πλευραὶ
798 2411 1208 2485 ὑποτείνουσιν,
1263 2411 1298 2485 ἡ
1347 2412 1450 2485 μὲν
1499 2411 1609 2469 ὑπὸ
1652 2417 1823 2468 ΑΒΓ
1859 2414 1925 2484 τῇ

235 2499 343 2557 ὑπὸ
388 2508 582 2573 ΔΕΖ,
621 2500 760 2574 ἡδὲ
798 2500 908 2558 ὑπὸ
951 2508 1112 2558 ΑΓΒ
1151 2506 1217 2576 τῇ
1256 2499 1368 2559 ὑπὸ
1410 2507 1592 2557 ΔΖΕ.

342 2587 830 2663 Ἐφαρμοζομένου
879 2589 988 2663 γὰρ
1038 2594 1139 2646 τοῦ
1178 2596 1351 2646 ΑΒΓ
1392 2589 1672 2663 τριγώνου
1723 2591 1811 2646 ἐπὶ
1861 2588 1923 2646 τὸ

358 2739 436 2798 IV.
471 2738 624 2784 Schol.
656 2739 706 2783 in
735 2737 948 2796 Pappum
978 2738 1043 2783 III
1073 2755 1117 2796 p.
1145 2743 1274 2796 1183,
1292 2743 1364 2783 32.
1412 2737 1603 2784 Boetius
1632 2753 1678 2796 p.
1706 2742 1807 2794 380,
1826 2743 1865 2784 7.

360 2877 487 2916 1—7.
520 2872 695 2917 Multas
727 2871 819 2917 litt.
853 2872 931 2931 fig.
963 2872 1014 2916 in
1044 2887 1131 2918 ras.
1164 2872 1201 2915 P
1230 2888 1291 2918 m.
1310 2885 1416 2929 rec„
1448 2873 1502 2916 ub
1531 2886 1682 2929 supra..
1805 2874 1848 2916 4.
1873 2866 1925 2929 ἡ]
