1956 3074
81 957 135 996 10

78 1401 132 1441 15

74 1846 131 1885 20

74 2289 130 2328 25

175 29 244 82 72
804 10 1141 76 ΣΤοΙΧΕΙῼΝ
1172 31 1240 78 α’.

173 149 475 219 ἐμπιπτέτω
516 146 550 220 ἡ
591 155 724 205 ΕΖ·
772 151 934 222 λέγω,
985 149 1071 206 ὅτι
1117 149 1214 217 τὰς
1254 153 1486 219 ἐναλλὰξ
1525 159 1732 223 γωνίας
1769 154 1867 222 τὰς

1920 0 1956 250 1

170 234 279 292 ὑπὸ
320 242 520 307 ΑΗΘ,
574 244 753 293 ΗΘΔ
804 245 927 303 ἴσας
973 250 1122 294 ποιεῖ
1168 241 1260 295 καὶ
1308 240 1411 312 τὴν
1459 241 1613 307 ἐκτὸς
1652 249 1865 314 γωνίαν

169 322 273 395 τὴν
312 322 422 381 ὑπὸ
446 332 619 382 ΕΗΒ
643 330 709 400 τῇ
752 325 908 392 ε’ντὸς
944 327 1038 382 καὶ
1077 325 1415 385 ἀπεναντίον
1454 334 1520 402 τῇ
1553 329 1662 388 ὑπὸ
1687 338 1866 388 ΗΘΔ
1946 318 1956 397 7,

171 419 301 484 ἴσην
355 415 446 469 καὶ
505 414 602 480 τὰς
650 414 804 480 ἐντὸς
848 415 940 470 καὶ
989 416 1076 471 ἐπὶ
1123 415 1190 471 τὰ
1239 416 1379 474 αὐτὰ
1426 420 1563 491 μέρη
1611 419 1708 485 τὰς
1753 419 1862 477 ὑπὸ

171 507 360 573 ΒΗΘ,
401 509 579 559 ΗΘΔ
618 503 784 558 δυσὶν
825 502 1028 575 ὀρθαῖς
1067 511 1205 571 ἴσας.

203 649 208 653 ,
282 594 356 647 Εἰ
393 589 500 663 γὰρ
541 590 737 657 ἄνισός
777 593 927 647 ἐστιν
966 589 1000 663 ἡ
1041 589 1152 648 ὑπὸ
1194 601 1247 648 A
1259 600 1372 649 ΗΘ
1408 598 1475 667 τῇ
1515 593 1625 651 ὑπὸ
1667 602 1864 668 ΗΘΔ,

168 684 266 751 μία
314 678 501 735 αὐτῶν
548 684 747 751 μείζων
796 681 960 736 ἐστίν.
1023 685 1160 737 ἔστω
1208 686 1406 753 μείζων
1447 680 1480 753 ἡ
1523 680 1630 738 ὑπὸ
1658 690 1861 740 ΑΗΘ·
1950 682 1956 686 ’

167 766 328 838 κοινὴ
376 773 732 840 προσκείσθω
780 766 814 839 ἡ
861 767 969 824 ὑπὸ
1015 775 1209 825 ΒΗΘ·
1269 773 1331 824 αἰ
1373 769 1481 842 ἄρα
1522 769 1629 827 ὑπὸ
1670 779 1861 845 ΑΗΘ,

168 862 338 911 ΒΗΘ
380 861 493 913 τῶν
531 855 641 912 ὑπὸ
683 863 872 929 ΒΗΘ,
922 863 984 913 Η
992 863 1104 913 ΘΔ
1143 861 1386 930 μείζονές
1426 863 1582 916 εἰσιν.
1621 859 1763 917 ἀλλὰ
1803 865 1864 917 αἱ

168 943 276 1001 ὑπὸ
318 952 519 1016 ΛΗΘ,
568 951 738 1001 ΒΗΘ
785 946 950 1002 δυσὶν
991 945 1194 1019 ὀρθαῖς
1233 954 1347 1003 ἴσαι
1387 952 1546 1004 εἰσίν.
1626 950 1762 1019 [καὶ]
1805 954 1867 1006 αἱ

167 1032 276 1106 ἄρα
316 1032 424 1090 ὑπὸ
456 1040 646 1104 ΒΗΘ,
684 1040 864 1090 ΗΘΔ
897 1034 1002 1091 δύο
1044 1033 1238 1107 ὀρθῶν
1279 1036 1575 1103 ἐλάσσονές
1607 1042 1762 1095 εἰσιν.
1805 1043 1866 1095 αἱ

167 1122 229 1178 δὲ
268 1120 362 1178 ἀπ’
408 1120 783 1195 ἐλασσόνωνῆ
829 1122 933 1179 δύο
961 1122 1157 1196 ὀρθῶν
1183 1125 1582 1196 ἐκβαλλόμεναι
1608 1131 1686 1192 εἰς
1710 1126 1861 1183 ἄπει-

167 1233 270 1284 ρον
310 1199 749 1283 συμπίπτουσιν·
794 1213 856 1267 αἱ
891 1211 999 1285 ἄρα
1038 1219 1166 1283 ΑΒ,
1207 1219 1311 1268 ΓΛ
1345 1214 1743 1285 ἐκβαλλόμεναι
1784 1221 1864 1282 είς

164 1297 398 1371 ἄπειρον
424 1304 856 1372 συμπεσοῦνται·
898 1300 967 1357 οὐ
991 1307 1365 1373 συμπίπτουσι
1405 1302 1466 1357 δὲ
1508 1302 1601 1358 διὰ
1630 1302 1692 1359 τὸ
1725 1326 1862 1376 παρ-

166 1388 441 1460 αλλήλους
487 1388 659 1456 αὐτὰς
704 1387 1062 1446 ὑποκεῖσθαι·
1125 1389 1229 1446 οὐκ
1268 1389 1377 1462 ἄρα
1417 1390 1613 1457 ἄνισός
1645 1393 1794 1448 ἐστιν
1826 1393 1861 1465 ἡ

164 1475 273 1534 ὑπὸ
308 1484 485 1534 ΑΗΘ
507 1482 572 1552 τῇ
612 1476 722 1535 ὑπὸ
748 1484 956 1534 ΗΘΛ·
998 1486 1089 1549 ἴση
1131 1476 1253 1550 ἄρα.
1292 1476 1433 1534 ἀλλὰ
1475 1477 1509 1550 ἡ
1550 1477 1657 1535 ὑπὸ
1688 1487 1863 1537 ΑΗΘ

163 1570 228 1640 τῇ
277 1565 384 1623 ὑπὸ
426 1573 596 1623 ΕΗΒ
645 1569 795 1623 ἐστιν
844 1574 958 1638 ἴση·
1027 1567 1119 1622 καὶ
1173 1564 1207 1637 ἡ
1259 1564 1369 1623 ὑπὸ
1424 1574 1593 1624 ΕΗΒ
1640 1567 1750 1642 ἄρα
1795 1573 1863 1643 τῇ

164 1653 274 1712 ὑπὸ
307 1661 486 1711 ΗΘΛ
518 1657 668 1712 ἐστιν
709 1663 815 1727 ἴση.
856 1654 1017 1727 κοινὴ
1058 1660 1413 1727 προσκείσθω
1454 1653 1487 1726 ἡ
1528 1653 1638 1712 ὑπὸ
1670 1663 1859 1714 ΒΗΘ·

165 1747 226 1800 αἱ
261 1743 370 1815 ἄρα
408 1742 517 1801 ὑπὸ
561 1750 747 1816 ΕΗΒ,
788 1750 958 1800 ΒΗΘ
995 1755 1115 1810 ταῖς
1153 1741 1263 1800 ὑπὸ
1304 1750 1491 1815 ΒΗΘ,
1533 1751 1712 1801 ΗΘΔ
1745 1753 1862 1809 ἴσαι

165 1837 322 1890 εἰσίν.
401 1831 541 1889 ἀλλὰ
590 1836 652 1888 αἱ
695 1831 807 1889 ὑπὸ
855 1839 1048 1904 ΕΗΒ,
1095 1838 1266 1888 ΒΗΘ
1313 1832 1416 1888 δύο
1481 1830 1682 1905 ὀρθαῖς
1744 1842 1861 1891 ἴσαι

164 1925 329 1978 εἰσίν·
391 1922 483 1977 καὶ
524 1924 585 1977 αἱ
619 1920 726 1978 ὑπὸ
762 1928 948 1993 ΒΗΘ,
989 1927 1167 1977 ΗΘΔ
1199 1919 1310 1994 ἄρα
1351 1922 1455 1978 δύο
1497 1921 1701 1996 ὀρθαῖς
1744 1931 1862 1979 ἴσαι

165 2014 324 2067 εἰσίν.

267 2098 343 2155 ‘H
389 2098 498 2173 ἄρα
544 2102 622 2165 εἰς
670 2098 768 2165 τὰς
814 2098 1204 2172 παραλλήλους
1251 2097 1476 2165 εὐθείας
1523 2098 1720 2155 εὐθεῖα
1770 2102 1859 2171 ἐμ-

162 2194 440 2245 πίπτουσα
486 2187 583 2254 τάς
627 2210 684 2244 τε
725 2187 959 2255 ἐναλλὰξ
997 2193 1206 2259 γωνίας
1245 2194 1369 2253 ἴσας
1407 2185 1674 2259 ἀλλήλαις
1712 2200 1864 2244 ποιεῖ

162 2277 254 2332 καὶ
301 2276 404 2349 τὴν
453 2276 608 2343 ἐκτὸς
652 2281 717 2350 τῇ
759 2275 914 2342 ἐντὸς
952 2277 1045 2332 καὶ
1084 2275 1423 2332 ἀπεναντίον
1463 2283 1593 2348 ἴσην
1631 2277 1723 2331 καὶ
1761 2277 1861 2343 τὰς

286 2416 324 2454 1.
358 2407 460 2468 τοὶς]
493 2409 574 2454 PF
606 2412 655 2455 eb
686 2411 725 2453 V
756 2417 889 2464 m.1;
922 2407 1006 2461 τοὶς
1036 2426 1085 2454 τε
1120 2410 1238 2479 Βϋρ
1270 2412 1318 2454 et
1348 2409 1390 2454 V
1421 2415 1543 2454 m.2.
1694 2415 1734 2456 3.
1769 2407 1857 2454 α’π-

163 2471 383 2519 εναντίας
413 2485 457 2526 p.
590 2469 668 2528 τῇ]
702 2470 760 2523 Ρ;
801 2469 882 2513 καὶ
915 2466 993 2513 ἐπὶ
1025 2465 1081 2513 τὰ
1116 2466 1239 2513 αὐτα
1272 2468 1389 2526 μέρη
1421 2469 1477 2526 τῇ
1511 2469 1673 2514 Theon
1705 2468 1859 2525 (BFV

161 2529 266 2587 bp),
301 2527 578 2585 Campanus.
720 2532 768 2572 H
776 2528 890 2586 ΘΔ]
927 2532 977 2571 Η
1003 2541 1144 2585 supra
1175 2543 1260 2573 scr.
1291 2543 1352 2572 m.
1375 2533 1397 2571 1
1432 2527 1479 2572 F.
1617 2533 1657 2572 4.
1693 2529 1767 2584 ἴση
1799 2528 1856 2573 V.

165 2593 204 2632 7.
240 2586 343 2632 ἐστί
367 2588 417 2632 F.
509 2587 674 2645 ΑΗΘ]
708 2587 858 2641 FVb;
892 2589 1039 2631 ΑΗΘ
1069 2587 1151 2643 τῆς
1182 2583 1276 2631 ὑπὸ
1310 2588 1461 2631 ΗΘΔ
1494 2586 1551 2639 Ρ;
1584 2588 1741 2631 ΑΗΘ.
1775 2587 1858 2631 καὶ

164 2643 268 2692 ἐπεὶ
299 2647 469 2704 μείζων
503 2643 628 2691 ἐστὶν
658 2645 688 2703 ἡ
720 2642 814 2691 ὑπὸ
846 2647 992 2690 ΑΗΘ
1024 2646 1106 2700 τῆς
1137 2642 1230 2690 ὑπὸ
1259 2647 1407 2690 ΗΘΔ
1438 2646 1531 2702 Bp,
1564 2648 1612 2690 et
1633 2660 1726 2703 mg.
1751 2651 1855 2690 m.2

161 2706 216 2749 V.
340 2711 379 2750 9.
412 2701 518 2750 ἄλλ’
553 2706 602 2749 F.
729 2710 796 2750 10.
829 2706 992 2761 ΒΗΘ]
1028 2707 1170 2750 ΘΗΒ
1200 2705 1238 2748 Β
1272 2707 1320 2749 et
1350 2718 1374 2748 e
1408 2718 1524 2750 corr.
1555 2703 1612 2749 V.
1766 2703 1861 2749 εἰσί

160 2764 219 2823 V,
252 2779 402 2822 comp.
434 2765 480 2809 b.
609 2765 718 2824 καί]
753 2778 842 2809 om.
875 2763 923 2808 P.
1079 2769 1148 2809 12.
1180 2759 1292 2822 ἀπ’]
1328 2759 1406 2808 ἐπ’
1440 2764 1484 2808 b.
1639 2769 1707 2809 13.
1743 2778 1855 2820 συμ-

163 2825 415 2869 πίπτουσιν
441 2850 494 2857 -
526 2829 594 2870 14.
627 2821 846 2883 ἄπειρον]
881 2837 972 2868 om.
1003 2839 1048 2881 p.
1186 2828 1255 2868 16.
1287 2822 1364 2882 τῇ]
1395 2823 1477 2879 τῆς
1507 2822 1560 2867 Β.
1685 2822 1854 2881 ΗΘΛ]
