1956 3074
127 1133 181 1172 10

126 1575 180 1616 15

126 2019 182 2059 20

207 110 280 163 48
838 108 1175 152 ΣΤοΙΧΕΙῼΝ
1206 104 1274 154 α’.

207 229 300 283 καὶ
339 232 516 299 γωνία
555 226 588 299 ἡ
630 226 739 283 ὑπὸ
781 232 954 282 ΑΒΓ
982 231 1082 298 τῆς
1119 225 1233 283 ὑπὸ
1275 233 1459 282 ΑΓΒ·
1520 223 1622 281 οὐκ
1663 230 1776 281 ἔστι
1818 226 1900 280 δέ·
1954 266 1956 270 .

211 314 313 372 οὐκ
359 315 471 389 ἄρα
511 316 763 372 ἐλάσσων
805 317 955 372 ἐστὶν
994 313 1028 387 ἡ
1069 321 1189 372 ΑΓ
1218 319 1316 387 τῆς
1354 321 1478 371 ΑΒ.
1556 316 1780 385 ἐδείχθη
1822 314 1903 382 δέ,
1953 364 1956 378 ,

211 403 298 461 ὅτι
338 404 472 461 οὐδὲ
512 412 603 476 ἴση
647 407 812 461 ἐστίν.
867 410 1066 476 μείζων
1106 403 1215 476 ἄρα
1256 405 1406 460 ἐστὶν
1445 402 1478 475 ἡ
1512 408 1627 459 ΑΓ
1650 406 1748 473 τῆς
1780 408 1903 457 ΑΒ.

322 491 545 558 Παντὸς
594 492 703 565 ἄρα
749 492 1030 566 τριγώνου
1067 491 1176 549 ὑπὸ
1209 491 1312 564 τὴν
1351 498 1577 564 μείζονα
1614 495 1827 562 γωνίαν
1867 488 1901 561 ἡ

211 587 411 653 μείζων
450 579 660 652 πλευρὰ
699 579 1001 635 ὑποτείνει·
1043 579 1178 652 ὅπερ
1219 583 1330 636 ἔδει
1372 581 1560 646 δεῖξαι.

1020 765 1053 797 κ
1079 789 1089 799 .

323 846 585 912 Παντὸς
629 846 962 919 τριγώνου
1008 849 1078 901 αἱ
1123 845 1243 902 δύο
1291 845 1566 916 πλευραὶ
1619 847 1732 914 τῆς
1770 850 1905 899 λοι-

211 939 331 1007 πῆς
370 936 666 1006 μείζονές
706 939 834 991 εἰσι
874 934 1081 1008 πάντῃ
1123 932 1809 1005 μεταλαμβανόμεναι.

308 1022 490 1080 ’Ἑστω
527 1022 629 1098 γὰρ
660 1029 939 1096 τρίγωνον
970 1021 1033 1079 τὸ
1066 1031 1118 1078 A
1128 1030 1174 1079 B
1188 1028 1240 1078 Γ
1245 1043 1254 1053 ·
1296 1024 1454 1094 λέγω,
1490 1021 1574 1078 ὅτι
1605 1025 1709 1077 τοῦ
1742 1025 1915 1076 ΑΒΓ

211 1113 493 1186 τριγώνου
544 1116 606 1168 αἱ
657 1112 762 1169 δύο
817 1113 1050 1186 πλευραὶ
1104 1115 1202 1184 τῆς
1257 1115 1454 1182 λοιπῆς
1500 1112 1745 1182 μείζονές
1800 1113 1906 1165 εἰσι

211 1211 391 1276 πάντῃ
439 1201 1022 1274 μεταλαμβανόμεναι,
1069 1204 1131 1256 αἱ
1174 1201 1276 1273 μὲν
1320 1208 1430 1256 BA
1443 1245 1456 1269 ‚
1505 1204 1619 1255 ΑΓ
1649 1203 1747 1271 τῆς
1786 1204 1906 1269 ΒΓ,

213 1294 275 1346 αἱ
311 1291 373 1347 δὲ
412 1298 543 1361 ΑΒ,
584 1297 694 1347 ΒΓ
725 1295 821 1363 τῆς
859 1296 985 1362 ΑΓ,
1026 1293 1088 1346 αὗ
1125 1289 1187 1346 δὲ
1224 1296 1352 1360 ΒΓ,
1393 1295 1493 1345 ΓΑ
1530 1293 1627 1361 τῆς
1666 1294 1788 1344 ΑΒ.

325 1380 564 1452 Διήχθω
604 1379 712 1453 γὰρ
752 1378 786 1451 ἡ
828 1386 937 1435 ΒΑ
969 1380 1055 1435 ἐπὶ
1094 1378 1156 1435 τὸ
1191 1386 1247 1434 Δ
1279 1389 1529 1450 σημεῖον,
1567 1377 1659 1433 καὶ
1699 1381 1907 1432 κείσθω

211 1471 277 1541 τῇ
311 1474 412 1524 ΓΑ
452 1476 543 1540 ἴση
584 1467 618 1541 ἡ
661 1475 796 1539 ΑΔ,
836 1468 928 1523 καὶ
970 1467 1281 1539 ἐπεζεύχθω
1322 1465 1355 1538 ἡ
1399 1471 1521 1522 ΔΓ.

323 1556 471 1613 Ἐπεὶ
520 1551 624 1613 οὖν
674 1564 766 1628 ἴση
819 1557 970 1613 ἐστὶν
1009 1555 1043 1627 ἡ
1087 1562 1203 1614 ΔΑ
1242 1559 1307 1629 τῇ
1350 1560 1482 1625 ΑΓ,
1532 1561 1622 1624 ἴση
1666 1554 1779 1610 ἐστὶ
1818 1554 1910 1609 καὶ

212 1650 389 1717 γωνία
414 1643 448 1716 ἡ
476 1643 651 1701 ὑπόΑ
662 1652 716 1699 Δ
726 1650 778 1700 Γ
787 1649 853 1718 τῇ
871 1642 1187 1700 ὑπὸΑΓΑ·
1205 1649 1404 1715 μείζων
1430 1642 1538 1716 ἄρα
1564 1640 1598 1714 ἡ
1624 1641 1732 1698 ὑπὸ
1753 1649 1799 1698 Β
1810 1647 1861 1698 Γ
1858 1649 1913 1697 Δ

211 1738 309 1805 τῆς
347 1732 457 1790 ὑπὸ
500 1738 692 1789 ΑΔΓ·
732 1733 825 1788 καὶ
866 1733 981 1788 ἐπεὶ
1022 1732 1301 1806 τρίγωνόν
1341 1734 1456 1788 ἐστι
1493 1731 1556 1787 τὸ
1594 1736 1759 1786 ΔΓΒ
1800 1737 1912 1804 μεί-

215 1829 346 1891 ζονα
387 1827 516 1895 ἔχον
554 1821 658 1894 τὴν
696 1820 806 1878 ὑπὸ
847 1826 1009 1878 ΒΓΔ
1040 1825 1255 1892 γωνίαν
1293 1824 1392 1891 τῆς
1429 1819 1539 1877 ὑπὸ
1573 1827 1686 1876 ΒΛ
1698 1825 1759 1891 Γ,
1798 1818 1910 1876 ὑπὸ

214 1911 277 1968 δὲ
314 1910 419 1983 τὴν
459 1915 683 1982 μείζονα
722 1914 935 1981 γωνίαν
974 1907 1009 1980 ἡ
1048 1914 1248 1981 μείζων
1287 1907 1498 1982 πλευρὰ
1539 1907 1838 1980 ὑποτείνει,
1878 1907 1913 1980 ἡ

215 2007 325 2056 ΔΒ
367 1999 476 2068 ἄρα
514 2003 612 2071 τῆς
651 2004 761 2055 ΒΓ
793 2001 907 2054 ἐστι
947 2003 1161 2070 μείζων.
1220 2006 1311 2069 ἴση
1354 1998 1415 2054 δὲ
1453 1996 1487 2069 ἡ
1532 2005 1649 2053 ΔΑ
1686 2001 1751 2070 τῇ
1793 2003 1913 2053 ΑΓ·

214 2095 459 2162 μείζονες
497 2087 607 2157 ἄρα
646 2090 708 2142 αἱ
745 2093 878 2158 ΒΑ,
918 2092 1031 2142 ΛΓ
1062 2091 1159 2158 τῆς
1198 2092 1320 2142 ΒΓ·
1385 2084 1589 2157 ὁμοίως
1630 2085 1698 2157 δὴ
1741 2089 1913 2153 δείξο-

214 2200 335 2250 μεν,
384 2175 469 2234 ὅτι
514 2177 607 2232 καὶ
648 2179 710 2232 αἱ
745 2176 848 2248 μὲν
886 2182 1021 2246 ΑΒ,
1051 2180 1162 2231 ΒΓ
1192 2179 1290 2248 τῆς
1328 2180 1428 2231 ΓΑ
1465 2176 1711 2246 μείζονές
1751 2178 1912 2245 εἰσιν,

216 2270 278 2323 αι
315 2265 377 2322 δὲ
416 2270 537 2336 ΒΓ,
578 2270 678 2321 ΓΑ
716 2268 815 2336 τῆς
854 2271 975 2320 ΑΒ.

334 2415 432 2460 XX.
464 2413 657 2459 Boetius
687 2430 733 2472 p.
759 2418 861 2470 381,
879 2419 951 2459 25.

339 2552 376 2592 1.
428 2545 551 2592 ἔστιν
582 2548 632 2593 Ρ.
785 2553 826 2591 2.
874 2546 978 2606 τῆς]
1011 2547 1065 2602 τῇ
1098 2547 1141 2592 b.
1295 2551 1335 2591 3.
1386 2541 1532 2603 ἐστίν]
1565 2543 1644 2587 PF
1655 2543 1718 2598 V;
1764 2557 1914 2601 comp.

214 2608 269 2664 b3
305 2604 406 2652 ἐστι’
431 2607 589 2664 uulgo.
774 2603 930 2710 ἔστίνᾶ
954 2620 1103 2663 comp.
1135 2606 1185 2662 b3
1221 2603 1351 2651 ἔσται
1382 2605 1430 2650 F.
1600 2607 1640 2648 4.
1673 2598 1788 2661 ἄρα]
1820 2617 1912 2660 mg.

216 2667 272 2713 V.
458 2672 496 2712 7.
538 2672 641 2718 ταῖς
672 2668 857 2717 λοιπαῖς
940 2685 952 2720 3
985 2679 1100 2712 corr.
1133 2681 1195 2710 m.
1223 2670 1261 2709 1.
1429 2667 1470 2708 8.
1505 2662 1624 2724 εἰσί]
1659 2660 1778 2706 εἰσιν
1809 2661 1912 2717 PF;

218 2741 367 2784 comp.
402 2727 446 2772 b.
601 2731 642 2771 9.
683 2720 787 2828 ὅτιῧ
810 2739 901 2770 om.
932 2725 982 2769 F.
1135 2725 1242 2783 τοῦ]
1284 2738 1308 2768 e
1342 2737 1456 2769 corr.
1491 2723 1546 2768 V.
1720 2726 1787 2766 10.
1821 2737 1914 2779 τρι-

217 2783 718 2890 Ξῗᾷἷῖυὲὲῗυοὲῃξοπὺ
789 2819 798 2828 ’
871 2849 924 2888 11
951 2782 1628 2902 ‘zsssssffiffsssss’essessssss
1673 2853 1730 2884 ex
1762 2778 1912 2884 Βῗῖσῗ]

222 2908 291 2948 12.
323 2904 436 2962 ΑΓ]
460 2880 571 2948 ’ΛΓ
596 2861 646 2949 ΒΕ.
778 2908 848 2949 14.
879 2903 957 2962 τῇ]
992 2916 1106 2948 corr.
1141 2916 1197 2947 ex
1228 2878 1394 2958 vfig’v.
1519 2899 1639 2957 ΔΓ]
1676 2901 1759 2943 ΓΛ
1792 2898 1842 2945 F.
