1956 3074
186 164 216 214 1
228 163 255 214 1
263 164 299 214 4
825 164 1162 207 ΣΤΟΙΧΕῙῼΝ
1194 158 1242 208 α’
1250 199 1261 209 .
1431 193 1434 197 ·
1943 178 1956 221 1Ι

187 283 289 353 ρᾶς
326 278 682 354 τετράγωνον
722 288 848 337 ἴσον
881 282 996 338 ἐστὶ
1027 293 1143 348 τοῖς
1167 281 1275 339 ἀπὸ
1301 287 1416 338 τῶν
1440 290 1569 353 BA,
1593 289 1707 339 ΑΓ
1723 290 1885 340 πλευ-

187 392 306 441 ρων
344 369 729 442 τετραγώνοις.
1954 447 1956 450 ⁴

293 455 389 514 'Ev
443 457 554 531 ἄρα
607 467 724 526 τοῖς
771 458 1147 531 ὀρθογωνίοις
1190 460 1485 534 τριγώνοις
1535 460 1598 518 τὸ
1639 460 1749 517 ἀπὸ
1789 466 1886 533 τῆς

182 546 288 618 τὴν
329 545 516 620 ὀρθὴν
555 553 772 619 γωνίαν
809 546 1214 621 ὑποτεινούσης
1251 553 1494 622 πλευρᾶς
1531 550 1887 623 τετράγωνον

124 649 152 688 5
186 642 313 691 ἴσον
354 636 468 692 ἐστὶ
507 647 624 702 τοῖς
662 635 772 692 ἀπὸ
810 640 925 693 τῶν
955 638 1060 711 τὴν
1092 636 1277 711 ὀρθὴν
1311 642 1571 710 [γωνίαν]
1603 658 1885 712 περιεχου-
1935 631 1956 706 ⁸}

187 728 305 780 σῶν
343 729 604 797 πλευρῶν
642 726 1034 799 τετραγώνοις·
1075 726 1211 799 ὅπερ
1251 731 1364 783 ἔδει
1405 729 1594 795 δεῖξαι.

989 941 1111 991 μη·

294 1019 443 1077 Ἐὰν
499 1021 832 1094 τριγώνου
884 1021 955 1079 τὸ
1010 1019 1134 1079 ἀπὸ
1192 1027 1345 1094 μιᾶς
1395 1026 1523 1080 τῶν
1584 1027 1887 1096 πλευρῶν

186 1109 607 1183 τετράγωνον
662 1117 810 1168 ἴσον
857 1104 895 1185 ᾖ
941 1121 1081 1178 τοῖς
1127 1109 1252 1167 ἀπὸ
1298 1115 1426 1167 τῶν
1473 1116 1725 1169 λοιπῶν
1771 1116 1887 1169 τοῦ

98 1213 155 1253 10
186 1199 517 1272 τριγώνου
549 1199 669 1256 δύο
701 1204 1007 1273 πλευρῶν
1037 1199 1507 1274 τετραγώνοις,
1533 1198 1568 1273 ἡ
1592 1221 1886 1274 περιεχο-

186 1290 347 1361 μένη
388 1292 596 1361 γωνία
634 1286 758 1346 ὑπὸ
800 1293 929 1347 τῶν
971 1294 1215 1347 λοιπῶν
1254 1293 1372 1345 τοῦ
1411 1289 1744 1363 τριγώνου
1782 1290 1887 1347 δύο

186 1381 492 1451 πλευρῶν
531 1374 703 1450 ὀρθή
746 1380 947 1435 ἐστιν.

306 1466 600 1539 Τριγώνου
649 1466 757 1541 γὰρ
812 1471 915 1525 τοῦ
961 1473 1134 1524 ΑΒΓ
1179 1467 1242 1525 τὸ
1297 1467 1405 1526 ἀπὸ
1460 1474 1590 1542 μιᾶς
1641 1472 1739 1540 τῆς
1788 1473 1897 1524 ΒΓ

188 1559 433 1630 πλευρᾶς
469 1555 823 1629 τετράγωνον
863 1564 990 1613 ἴσον
1022 1562 1161 1614 ἔστω
1193 1567 1310 1625 τοῖς
1341 1557 1450 1614 ἀπὸ
1483 1561 1597 1614 τῶν
1623 1564 1670 1614 Β
1681 1565 1751 1630 A,
1783 1561 1899 1614 ΑΓ

100 1657 157 1698 15
188 1649 446 1717 πλευρῶν
492 1645 882 1718 τετραγώνοις·
945 1646 1114 1718 λέγω,
1162 1644 1249 1703 ὅτι
1296 1645 1447 1721 ὀρθή
1496 1649 1647 1703 ἐστιν
1694 1644 1728 1719 ἡ
1779 1644 1889 1703 ὑπὸ

189 1740 366 1791 ΒΑΓ
397 1738 590 1807 γωνία.
1093 1751 1124 1778 0

287 1822 488 1897 ’Ἡχθω
528 1823 637 1897 γὰρ
677 1822 787 1881 ἀπὸ
826 1828 930 1881 τοῦ
955 1833 1008 1880 Α
1033 1829 1268 1897 σημείου
1297 1828 1364 1899 τῇ
1390 1831 1503 1898 ΑΓ
1521 1823 1719 1900 εὐθείᾳ
1750 1823 1890 1898 πρὸς

190 1913 371 1986 ὀρθὰς
410 1911 444 1985 ἡ
487 1920 606 1969 ΑΔ
635 1914 727 1970 καὶ
766 1918 976 1970 κείσθω
1015 1917 1083 1987 τῇ
1120 1920 1230 1971 BA
1264 1921 1356 1987 ἴση
1396 1912 1430 1986 ἡ
1465 1921 1601 1985 ΑΔ,
1640 1914 1733 1969 καὶ
1774 1915 1889 1970 ἐπε-

199 2003 414 2076 ζεύχθω
455 2001 490 2073 ἡ
526 2007 650 2058 ΔΓ.
728 2003 844 2059 ἐπεὶ
884 2010 976 2074 ἴση
1019 2004 1170 2059 ἐστὶν
1216 2001 1250 2075 ἡ
1294 2010 1410 2059 ΔΑ
1456 2006 1523 2077 τῇ
1571 2009 1707 2074 AB,
1764 2010 1890 2059 ἴσον

99 2103 159 2144 20
193 2092 308 2149 ἐστὶ
346 2091 439 2147 καὶ
478 2090 539 2147 τὸ
581 2089 691 2147 ἀπὸ
732 2094 830 2163 τῆς
862 2098 980 2147 ΔΑ
1009 2091 1362 2164 τετράγωνον
1394 2095 1469 2168 τῷ
1502 2090 1613 2148 ἀπὸ
1645 2095 1743 2163 τῆς
1781 2098 1890 2148 AB

189 2178 533 2256 τετραγώνῳ.
610 2178 808 2236 κοινὸν
862 2185 1219 2253 προσκείσθω
1266 2180 1329 2237 τὸ
1370 2179 1469 2237 ἀπὶ
1527 2184 1626 2252 τῆς
1664 2186 1779 2236 ΑΓ
1810 2202 1890 2236 τε-

190 2269 507 2343 τράγωνον·
558 2266 625 2324 τὰ
664 2269 774 2341 ἄρα
813 2267 923 2325 ἀπὸ
963 2274 1076 2326 τῶν
1119 2277 1254 2341 ΔΑ,
1293 2276 1406 2327 ΑΓ
1437 2267 1758 2342 τετράγωνα
1797 2275 1891 2324 ἴσα

193 2358 308 2415 ἐστὶ
346 2368 463 2424 τοῖς
502 2356 610 2414 ἀπὸ
651 2361 764 2414 τῶν
804 2364 940 2430 BA,
988 2364 1103 2415 ΑΓ
1133 2358 1516 2432 τετραγώνοις.
1595 2356 1736 2414 ἀλλὰ
1775 2370 1892 2424 τοῖς

193 2446 296 2518 μὲν
335 2444 445 2502 ἀπὸ
478 2449 592 2502 τῶν
618 2454 752 2517 ΔΑ,
793 2452 908 2502 ΑΓ
926 2454 1052 2503 ἴσον
1079 2447 1191 2504 ἐστὶ
1223 2447 1287 2504 τὸ
1320 2447 1430 2504 ἀπὸ
1456 2451 1555 2520 τῆς
1583 2454 1638 2502 A
1647 2452 1716 2503 Γ·
1742 2445 1890 2519 ὀρθὴ

104 2549 161 2589 25
195 2534 302 2608 γάρ
342 2537 493 2592 ἐστιν
532 2533 567 2607 ἡ
606 2533 717 2592 ὑπὸ
759 2541 940 2592 ΔΛΓ
970 2540 1170 2608 γωνία·
1210 2548 1327 2603 τοῖς
1366 2536 1427 2593 δὲ
1466 2534 1578 2592 ἀπὸ
1610 2540 1724 2592 τῶν
1762 2542 1891 2606 BA,

194 2632 248 2680 A
260 2629 311 2680 Γ
343 2631 470 2680 ἴσον
511 2625 624 2680 ἐστὶ
660 2622 727 2679 τὸ
767 2621 876 2681 ἀπὸ
917 2628 1014 2696 τῆς
1038 2631 1167 2681 ΒΓ·
1208 2623 1494 2681 ὑπόκειται
1533 2624 1664 2698 γάρ·
1692 2624 1754 2681 τὸ
1781 2623 1892 2698 ἄρα

317 2773 522 2820 XLVIII.
556 2773 747 2818 Boetius
778 2788 823 2831 p.
848 2778 953 2831 384,
970 2778 1040 2819 26.

320 2913 359 2951 1.
394 2901 519 2951 ἐστιν
552 2908 653 2952 ἴσον
684 2908 734 2952 F.
859 2903 985 2952 ἐστίν
1016 2907 1066 2952 P.
1192 2907 1294 2965 BA]
1328 2910 1415 2951 ΒΔ
1448 2923 1498 2963 φ.
1623 2911 1662 2951 3.
1698 2901 1771 2965 ἐν]
1806 2901 1892 2951 ἐάν

195 2966 254 3020 F;
289 2980 404 3011 corr.
438 2982 497 3011 m.
531 2981 621 3012 rec.
753 2962 1045 3024 ὀρθογώνοις
1075 2981 1121 3023 p.
1245 2972 1285 3010 4.
1321 2961 1646 3022 ἐπιτεινούσης
1676 2966 1741 3020 V3
1775 2979 1889 3011 corr,
