1956 3074
156 68 267 120 214
789 69 1125 112 2T01XE12N
1156 64 1217 125 γ’.

153 192 208 240 Δ
246 187 312 257 τῇ
347 192 460 240 ΕΑ
483 185 623 255 πρὸς
662 184 842 258 ὀρθὰς
879 184 1041 258 ἤχθω
1075 183 1108 257 ἡ
1137 194 1191 241 Δ
1202 193 1264 257 Ζ,
1303 187 1395 241 καὶ
1429 187 1846 258 ἐπεζεύχθωσαν

153 276 215 328 αἱ
244 280 366 344 ΕΖ,
408 281 546 330 ΑΒ·
586 276 747 347 λέγω,
789 273 873 331 ὅτι
913 273 1022 331 ἀπὸ
1063 279 1164 331 τοῦ
1199 283 1250 331 A
1292 280 1523 347 σημείου
1556 280 1655 332 τοῦ
1688 282 1848 332 ΒΓΔ

149 362 362 418 κύκλου
402 365 755 435 ἐφαπτομένη
795 357 957 435 ἦκται
998 362 1031 435 ἡ
1075 370 1198 419 ΑΒ.

255 448 404 507 Ἐπεὶ
458 451 566 523 γὰρ
612 451 676 508 τὸ
729 459 782 508 Ε
822 453 1056 523 κέντρον
1109 452 1222 508 ἐστὶ
1277 455 1388 509 τῶν
1436 458 1618 520 ΒΓΔ,
1673 458 1855 507 ΑΖΗ

89 554 115 594 5
147 539 395 611 κύκλων,
438 547 529 611 ἴση
571 539 679 613 ἄρα
721 541 872 596 ἐστὶν
912 538 946 612 ἡ
987 541 1090 612 μὲν
1131 547 1241 596 ΕΑ
1279 545 1344 614 τῇ
1388 549 1509 612 ΕΖ,
1560 539 1593 613 ἡ
1635 541 1697 597 δὲ
1735 547 1849 596 ΕΔ

145 631 212 701 τῇ
254 635 388 684 ΕΒ·
430 629 536 685 δύο
579 628 647 700 δὴ
690 631 754 684 αἱ
789 636 931 699 ΑΕ,
972 635 1075 684 ΕΒ
1117 629 1222 685 δύο
1261 642 1381 696 ταῖς
1425 637 1546 701 ΖΕ,
1586 637 1701 685 ΕΔ
1733 637 1848 685 ἴσαι

146 720 319 771 εἰσίν·
359 717 451 771 καὶ
492 722 702 787 γωνίαν
740 716 940 788 κοινὴν
980 719 1296 790 περιέχουσι
1336 716 1439 790 τὴν
1478 717 1618 791 πρὸς
1656 723 1731 794 τῷ
1775 725 1847 773 Ε·

145 787 310 875 βάσις
349 802 458 872 ἄρα
497 803 531 877 ἡ
562 813 617 860 Δ
629 812 673 861 Ζ
696 805 858 876 βάσει
896 809 961 879 τῇ
989 813 1098 861 ΑΒ
1124 813 1215 877 ἴση
1254 809 1423 878 ἐστίν,
1462 807 1554 863 καὶ
1586 807 1648 863 τὸ
1679 814 1848 863 ΔΕΖ

145 896 426 965 τρίγωνον
464 897 540 968 τῷ
571 900 740 950 ΕΒΑ
762 894 1019 971 τριγώνῳ
1061 901 1186 951 ἴσον
1227 897 1396 967 ἐστίν,
1437 895 1530 950 καὶ
1570 898 1633 950 αἶ
1660 896 1848 951 λοιπαὶ

60 999 114 1038 10
147 986 350 1052 γωνίαι
397 993 518 1048 ταῖς
563 989 783 1050 λοιπαῖς
830 989 1100 1059 γωνίαιςῇ
1152 991 1244 1055 ἴση
1292 981 1403 1055 ἄρα
1450 981 1484 1055 ἡ
1525 981 1637 1040 ὑπὸ
1679 990 1848 1039 ΕΔΖ

144 1072 210 1142 τῇ
251 1066 363 1125 ὑπὸ
406 1077 590 1127 ΕΒΑ.
631 1070 779 1143 ὀρθὴ
822 1072 884 1128 δὲ
922 1071 956 1143 ἡ
996 1069 1107 1128 ὑπὸ
1150 1079 1350 1127 ΕΔΖ·
1413 1070 1563 1145 ὀρθὴ
1605 1071 1716 1145 ἄρα
1755 1073 1848 1128 καὶ

143 1155 177 1229 ἡ
218 1155 328 1214 ὑπὸ
370 1165 551 1215 ΕΒΑ.
618 1166 716 1216 καί
744 1163 894 1217 ἐστιν
933 1159 967 1232 ἡ
1010 1167 1114 1216 ΕΒ
1156 1163 1214 1217 ἐκ
1253 1165 1354 1217 τοῦ
1398 1161 1663 1233 κέντρου·
1711 1159 1745 1233 ἡ
1788 1160 1850 1216 δὲ

142 1249 209 1319 τῇ
260 1247 536 1323 διαμέτρῳ
583 1252 685 1304 τοῦ
725 1249 937 1305 κύκλου
975 1248 1115 1322 πρὸς
1154 1247 1333 1321 ὀρθὰς
1370 1247 1466 1305 ἀπ’
1510 1249 1684 1323 ἄκρας
1722 1247 1850 1321 ἆγο-

144 1336 282 1406 μένη
325 1336 623 1406 ἐφάπτεται
663 1340 765 1392 τοῦ
796 1337 1043 1393 κύκλου·
1083 1336 1116 1408 ἡ
1148 1344 1256 1393 ΑΒ
1281 1336 1392 1410 ἄρα
1424 1338 1722 1411 ἐφάπτεται
1745 1340 1847 1393 τοῦ
1947 1356 1956 1360 “·

58 1443 115 1483 15
150 1430 196 1479 Β
208 1428 310 1479 ΓΔ
348 1423 571 1481 κύκλου.

252 1510 382 1568 Ἀπό
438 1516 539 1568 τοῦ
596 1511 706 1583 ἄρα
755 1515 1027 1581 δοθέντος
1073 1519 1308 1587 σημείου
1352 1518 1454 1571 τοῦ
1504 1525 1555 1571 Α
1601 1518 1704 1572 τοῦ
1754 1519 1847 1572 δο-

141 1601 346 1666 θέντος
391 1600 601 1658 κύκλου
647 1606 749 1658 τοῦ
791 1609 837 1658 Β
849 1607 953 1658 ΓΔ
993 1605 1344 1676 ἐφαπτομένη
1386 1602 1582 1660 εὐθεῖα
1620 1603 1844 1678 γραμμὴ

142 1682 303 1761 ἦκται
343 1687 377 1761 ἡ
420 1697 557 1746 ΑΒ·
599 1689 736 1763 ὅπερ
778 1695 891 1748 ἔδει
930 1696 1173 1765 ποιῆσαι.

952 1877 1015 1925 ιη
1045 1900 1055 1911 .

53 1976 114 2016 20
256 1954 396 2012 Ἐὰν
442 1956 691 2012 κύκλου
741 1956 1113 2029 ἐφάπτηταί
1154 1980 1252 2023 τις
1298 1954 1556 2029 εὐθεῖα,
1612 1957 1735 2015 ἀπὸ
1778 1959 1847 2016 δὲ

141 2047 259 2100 τοῦ
317 2045 600 2116 κέντρου
656 2044 757 2100 ἐπὶ
813 2042 933 2115 τὴν
980 2042 1157 2116 ἁφὴν
1206 2047 1559 2119 ἐπιζευχθῇ
1607 2069 1702 2113 τις
1741 2045 1845 2103 εύ-

144 2140 325 2202 θεῑά,
379 2131 414 2204 ἡ
472 2135 937 2204 ἐπιζευχθεῖσα
992 2136 1280 2200 κοῖθετος
1334 2139 1516 2190 ἔσται
1571 2136 1672 2191 ἐπὶ
1725 2135 1845 2207 τὴν

144 2222 633 2293 ἐφαπτομένην.

259 2309 493 2365 Κύκλου
543 2309 651 2382 γὰρ
702 2312 804 2366 τοῦ
844 2316 1022 2366 ΑΒΓ
1065 2312 1398 2382 ἐφαπτέσθω
1445 2334 1528 2377 τις
1574 2311 1770 2368 εὐθεῖα
1809 2310 1844 2384 ἡ

50 2418 111 2459 25
146 2405 262 2455 ΔΕ
310 2396 447 2453 κατὰ
506 2396 567 2453 τὸ
623 2403 676 2453 Γ
729 2409 984 2469 σημεῖον,
1039 2400 1131 2453 καὶ
1188 2399 1445 2471 εἰλήφθω
1499 2399 1562 2456 τὸ
1612 2402 1845 2473 κέντρον

262 2546 425 2593 XVIII.
462 2545 730 2603 Simplicius
762 2545 810 2589 in
842 2545 1036 2592 Aristot.
1070 2547 1127 2591 de
1162 2547 1292 2592 coelo
1325 2547 1406 2592 fol.
1435 2553 1560 2593 13111.

268 2685 306 2724 1.
341 2680 449 2739 EA]
484 2681 571 2723 AE
603 2695 647 2736 p.
770 2683 811 2723 2.
846 2682 990 2723 ΒΔΓ
1017 2681 1065 2725 F.
1166 2686 1207 2725 3.
1241 2677 1439 2740 κύκλου]
1473 2696 1534 2726 m.
1560 2685 1586 2724 2
1618 2681 1728 2738 post
1759 2676 1844 2737 ἐφ-

418 2739 470 2795 F,
498 2738 890 2855 &aziza-Fa·
1013 2734 1218 2843 πίστει
1377 2740 1492 2857 {m
1534 2740 1844 2843 ἔξεσε

79 2870 81 2872 ·
145 2812 273 2901 ἓξ.
335 2833 344 2842 ’
420 2862 460 2901 7.
494 2833 633 2914 εἰσιν]
666 2856 762 2912 PF,
795 2832 892 2901 acob
918 2857 1072 2915 uulgo.
1219 2834 1517 2915 περιέχουσιν
1550 2859 1600 2905 Ρ.
1736 2854 1842 2916 τήν]
