1956 3074
142 630 167 668 5

116 1145 172 1185 10

117 1587 170 1627 15

114 2031 172 2072 20

197 143 271 194 44
831 143 1167 186 ΣΤοΙΧΕΙῼΝ
1199 139 1265 188 α’.

198 258 307 315 ὑπὸ
363 265 525 315 ΕΓΔ
571 265 668 332 τῆς
707 258 817 316 ὑπὸ
858 265 1036 315 EFZ·
1098 264 1296 331 μείζων
1344 259 1452 331 ἄρα
1499 258 1532 330 ἡ
1581 258 1689 315 ὑπὸ
1730 265 1896 316 ΑΓΔ

197 351 294 420 τῆς
332 345 442 404 ὑπὸ
483 355 664 404 ΒΑΕ.
726 348 957 420 Ὁμοίως
1008 347 1077 419 δὴ
1116 351 1213 420 τῆς
1252 353 1361 403 ΒΓ
1391 350 1726 421 τετμημένης
1767 352 1894 420 δίχα

201 437 555 509 δειχθήσεται
593 437 685 492 καὶ
725 434 758 507 ἡ
798 435 908 492 ὑπό
942 442 1135 507 ΒΓΗ,
1175 439 1458 493 τουτέστιν
1498 435 1530 508 ἡ
1565 436 1676 494 ὑπὸ
1702 442 1896 506 ΑΓΔ,

201 531 399 598 μείζων
439 526 531 580 καὶ
570 530 668 596 τῆς
706 523 815 580 ὑπὸ
858 530 1037 581 ΑΒΓ.

314 613 539 679 Παντὸς
586 612 695 685 ἄρα
733 612 1014 683 τριγώνου
1053 616 1181 683 μιᾶς
1219 616 1332 668 τῶν
1372 618 1631 686 πλευρῶν
1670 630 1897 686 προσεκ-

199 707 506 774 βληθείσης
544 700 577 773 ἡ
620 701 774 766 ἐκτός
811 706 990 772 γωνία
1043 702 1301 775 ἑκατέρας
1344 707 1456 758 τῶν
1490 702 1645 768 ἐντὸς
1675 703 1767 758 καὶ
1799 702 1897 757 ἄπ-

202 795 462 847 εναντίον
501 794 725 861 γωνιῶν
766 795 964 861 μείζων
1005 792 1177 846 ἐστίν·
1219 789 1354 864 ὅπερ
1396 795 1507 846 ἔδει
1548 792 1738 858 δεῖξαι.

993 937 1087 1005 ιζ’.

316 1040 583 1107 Παντὸς
648 1041 979 1114 τριγώνου
1030 1043 1100 1095 αἱ
1151 1041 1270 1098 δύο
1321 1046 1557 1113 γωνίαι
1614 1041 1734 1097 δύο
1791 1039 1898 1114 ὀρ-

203 1134 345 1187 θῶν
386 1130 748 1195 ἐλάσσονές
789 1134 918 1186 εἰσι
957 1130 1168 1203 πάντῃ
1218 1130 1897 1202 μεταλαμβανόμεναι,

299 1217 481 1274 ’Ἑστω
512 1223 792 1291 τρίγωνον
824 1217 888 1274 τὸ
920 1223 1106 1274 ΑΒΓ·
1147 1219 1308 1289 λέγω,
1351 1216 1435 1274 ὅτι
1467 1221 1568 1274 τοῦ
1602 1226 1655 1273 A
1665 1225 1711 1274 Β
1723 1224 1774 1274 Γ
1790 1241 1900 1290 τρι-

202 1306 394 1378 γῶνου
426 1309 488 1361 αἱ
516 1307 620 1363 δύο
652 1313 854 1378 γωνίαι
888 1306 992 1363 δύο
1028 1304 1224 1379 ὀρθῶν
1258 1306 1546 1372 ἐλάττονές
1581 1311 1687 1363 εἰσι
1719 1306 1898 1379 πάντῃ

204 1394 774 1467 μεταλαμβανόμεναι.

311 1482 704 1555 Ἐκβεβλήσθω
744 1482 850 1556 γὰρ
892 1481 925 1555 ἡ
967 1488 1076 1539 ΒΓ
1110 1484 1196 1539 ἐπὶ
1236 1483 1298 1539 τὸ
1342 1491 1410 1539 Δ.

315 1573 430 1628 Καὶ
479 1573 595 1628 ἐπεὶ
634 1573 916 1645 τριγώνου
953 1576 1056 1629 τοῦ
1096 1578 1269 1628 ΑΒΓ
1302 1573 1457 1638 ἐκτός
1497 1576 1610 1630 ἐστι
1648 1577 1826 1644 γωνία
1865 1571 1900 1644 ἡ

203 1660 313 1718 ὑπὸ
348 1667 530 1733 ΑΓΔ,
571 1667 770 1733 μείζων
812 1663 926 1718 ἐστὶ
964 1666 1066 1733 τῆς
1106 1660 1263 1727 ἐντὸς
1300 1662 1392 1717 καὶ
1434 1661 1772 1719 ἀπεναντίον
1804 1666 1902 1733 τῆς

203 1747 314 1806 ὑπὸ
355 1756 534 1806 ΑΒΓ.
607 1749 770 1821 κοινὴ
810 1755 1167 1823 προσκείσθω
1208 1748 1243 1823 ἡ
1283 1748 1392 1806 ὑπὸ
1436 1755 1623 1806 ΑΓΒ·
1694 1752 1755 1804 αἱ
1790 1749 1901 1822 ἄρα

203 1837 312 1895 ὑπὸ
354 1844 723 1910 ΑΓΔ,ΑΓΒ
764 1843 878 1895 τῶν
915 1837 1026 1894 ὑπὸ
1068 1843 1425 1908 ΑΒΓ,ΒΓΑ
1464 1840 1710 1910 μείζονές
1744 1842 1903 1894 εἰσιν.

204 1925 326 1983 ἀλλ’
371 1931 433 1983 αἰ
467 1925 578 1983 ὑπὸ
621 1931 817 1997 ΑΓΔ,
854 1931 1018 1981 ΑΓΒ
1060 1926 1163 1982 δύο
1206 1925 1409 1999 ὀρθαῖς
1457 1933 1572 1982 ἴσαι
1620 1930 1784 1982 εἰσίν·
1840 1929 1902 1982 αἱ

205 2015 315 2086 ἄρα
364 2015 474 2072 ὑπὸ
531 2020 712 2086 ΑΒΓ,
766 2019 923 2070 ΒΓΑ
972 2014 1078 2070 δύο
1133 2013 1328 2088 ὀρθῶν
1381 2015 1679 2080 ἐλάσσονές
1742 2019 1900 2072 εἰσιν.

206 2103 414 2177 ὁμοίως
453 2104 523 2175 δὴ
557 2106 830 2176 δείξομεν,
872 2101 957 2159 ὅτι
996 2103 1088 2159 καὶ
1128 2107 1190 2159 αἰ
1226 2101 1337 2159 ὑπὸ
1378 2109 1563 2175 ΒΑΓ,
1589 2108 1754 2159 ΑΓΒ
1796 2106 1900 2161 δύο

207 2191 404 2265 ὀρθῶν
446 2192 746 2258 ἐλάσσονές
785 2195 892 2248 εἰσι
930 2192 1023 2247 καὶ
1064 2196 1142 2248 ἔτι
1183 2194 1244 2247 αἱ
1279 2189 1388 2248 ὑπὸ
1430 2197 1606 2262 ΓΑΒ,
1637 2197 1815 2249 ΑΒΓ.

318 2281 546 2348 Παντὸς
591 2281 701 2355 ἄρα
746 2280 1028 2354 τριγώνου
1075 2284 1137 2336 αἰ
1172 2281 1278 2337 δύο
1316 2286 1519 2352 γωνίαι
1558 2280 1663 2337 δύο
1704 2279 1901 2353 ὀρθῶν

207 2370 506 2435 ἐλάσσονές
524 2373 630 2426 εἰσι
646 2372 822 2443 πάντῃ
838 2369 1394 2442 μεταλαμβανόμεναι
1407 2367 1562 2442 ’ὅπερ
1581 2373 1692 2426 ἔδει
1711 2372 1901 2437 δεῖξαι.

331 2524 369 2563 1.
401 2518 552 2575 ΑΓΔ]
586 2521 719 2562 ΑΓΛ
749 2520 838 2562 καί
863 2518 914 2562 F.
1045 2523 1086 2562 2.
1120 2515 1199 2575 δή]
1232 2517 1416 2575 BFbp;
1451 2517 1505 2562 δέ
1537 2517 1574 2561 Ρ
1606 2519 1655 2562 et
1684 2517 1727 2562 V
1756 2517 1900 2562 inser-

207 2580 311 2623 tum
343 2593 403 2622 m.
430 2583 470 2622 2.
593 2575 901 2635 τετμημένης]
934 2578 1192 2634 τμηθείσης
1223 2576 1274 2622 Β.
1398 2583 1439 2622 6.
1472 2572 1772 2621 ἄπεναντίων
1804 2577 1854 2623 B.

208 2644 248 2682 7.
282 2637 488 2695 γωνιῶν]
521 2637 580 2692 Ρ;
612 2651 702 2682 om.
722 2637 886 2681 Theon
918 2636 1182 2693 (BFpr).
1276 2635 1452 2694 δεῖξαι]
1486 2635 1612 2693 PBp
1644 2635 1694 2680 εὴ
1725 2649 1750 2680 e
1784 2649 1898 2680 corr.

206 2697 274 2751 V3
316 2715 395 2741 ιω
426 2697 484 2750 F;
515 2696 711 2752 ποιῆσαι
744 2696 783 2740 V
816 2710 877 2742 m.
907 2700 945 2748 1,
976 2696 1019 2740 b.
1161 2699 1228 2739 10.
1264 2694 1383 2739 εἰσιν
1412 2695 1462 2741 Ρ.
1607 2697 1899 2754 μ-εταλαμβα

206 2731 425 2814 νόμεναι]
458 2772 528 2799 -αι
561 2769 675 2800 eras.
707 2754 764 2801 V.
918 2760 988 2799 13.
1023 2751 1270 2805 ἐλάσσονες
1299 2752 1441 2799 BVb.
1595 2711 1714 2798 εἰσιν
1743 2754 1838 2798 PF.

209 2819 278 2860 15.
310 2814 473 2872 ΑΒΓ]
508 2817 599 2857 ΒΓ
627 2828 759 2861 enan.
790 2814 843 2857 F.
973 2819 1042 2858 16.
1078 2810 1203 2858 ἐστίν
1232 2814 1282 2858 Ρ.
1405 2808 1703 2858 ἄπεναντίων
1732 2812 1786 2869 Β,
1819 2812 1901 2857 sed

207 2887 320 2918 corr.
352 2880 482 2918 m.1.
620 2878 688 2918 19.
724 2874 860 2917 δυσίν
891 2871 943 2917 Β.
1101 2871 1217 2918 εἰσιν
1250 2874 1347 2916 ἴσαι
1377 2871 1430 2915 Β.
1552 2876 1622 2917 20.
1658 2848 1901 2922 ἐλάττονες

205 2931 256 2979 F.
386 2937 455 2976 21.
490 2929 606 2990 υπό]
639 2947 728 2978 om
760 2932 860 2989 Pp3
891 2947 953 2977 m.
972 2936 998 2976 2
1031 2932 1124 2976 PF.
1284 2936 1356 2976 22.
1389 2929 1508 2976 εἰσιν
1540 2931 1638 2988 PF,
1671 2944 1820 2988 comp.
1852 2931 1896 2976 b.
