1956 3074
143 1125 197 1164 10

139 1568 193 1607 15

133 2014 190 2055 20

237 124 310 177 30
394 94 403 103 ’
869 129 1206 173 mmmmm
1237 123 1302 173 α’.

341 240 489 298 Ἐπεὶ
543 243 650 317 γὰρ
699 252 790 316 ἴση
840 246 990 301 ἐστὶν
1038 243 1070 317 ἡ
1113 253 1230 300 ΑΛ
1275 249 1339 319 τῇ
1388 253 1523 315 ΑΕ,
1577 246 1737 319 κοινὴ
1791 247 1851 303 δὲ
1892 246 1927 319 ἡ

233 337 360 402 ΑΖ,
401 332 508 388 δύο
550 331 620 404 δὴ
662 335 723 387 αἱ
760 340 894 404 ΔΑ,
919 340 1026 388 ΑΖ
1066 335 1196 389 δυσὶ
1235 346 1353 400 ταῖς
1393 341 1520 405 ΕΑ,
1554 341 1659 390 AZ
1700 344 1815 391 ἴσαι
1855 339 1929 391 εἰ·

233 419 326 475 σὶν
373 421 600 494 ἑκατέρα
641 422 883 495 ἑκατέρᾳ.
960 422 1051 477 καὶ
1094 422 1256 492 βάσις
1294 421 1327 494 ἡ
1370 430 1479 478 ΛΖ
1519 423 1678 494 βάσει
1717 428 1782 496 τῇ
1823 430 1927 478 ΕΖ

233 515 326 579 ἴση
352 512 521 565 ἐστίν·
563 515 740 581 γωνία
773 510 886 583 ἄρα
914 509 947 582 ἡ
982 509 1090 566 ὑπὸ
1118 517 1289 566 ΔΑΖ
1323 516 1501 586 γωνίᾳ
1531 516 1596 585 τῇ
1623 510 1734 568 ὑπὸ
1763 519 1872 567 EA
1882 518 1927 567 Z

236 603 329 670 ἴση
372 600 534 654 ἐστίν.

338 685 411 742 ‘H
451 686 560 760 άρα
601 691 836 743 δοθεῖσα
877 693 1054 759 γωνία
1093 687 1492 761 εὐθύγραμμος
1531 687 1564 760 ἡ
1605 687 1713 745 ὑπὸ
1764 694 1936 744 ΒΑΓ

233 778 360 847 δίχα
406 776 663 847 τέτμηται
709 773 818 831 ὑπὸ
866 780 963 848 τῆς
1002 783 1107 832 ΑΖ
1155 774 1401 842 εὐθείας·
1463 775 1598 848 ὅπερ
1648 781 1759 833 ε’δει
1808 798 1926 832 ποι-

231 866 378 934 ῆσαα

1048 1012 1104 1067 t(

350 1113 480 1187 Τὴν
530 1118 853 1170 δοθεῖσαν
903 1113 1178 1171 εὐθεῖαν
1225 1116 1725 1188 πεπερασμένην
1776 1119 1926 1188 δίχα

228 1215 468 1276 τεμεῖν.

324 1291 504 1349 ’Ἑστω
552 1291 586 1364 ἡ
635 1297 870 1349 δοθεῖσα
910 1291 1106 1349 εὐθεῖα
1145 1294 1527 1366 πεπερασμένη
1569 1291 1601 1364 ἡ
1643 1300 1774 1349 ΑΒ·
1839 1251 1928 1349 δεῖ

227 1381 298 1453 δὴ
338 1380 441 1453 τὴν
482 1388 589 1437 ΑΒ
630 1381 863 1438 εὐθεῖαν
901 1383 1322 1454 πεπερασμένην
1365 1386 1493 1454 δίχα
1532 1394 1730 1453 τεμεῖν.

337 1470 674 1527 Συνεστάτω
737 1469 818 1527 ἐπ’
886 1467 1056 1542 αὐτῆς
1116 1476 1395 1543 τρίγωνον
1460 1470 1796 1543 ἰσόπλευρον
1859 1470 1922 1527 τὸ

226 1563 408 1628 ΑΒΓ,
447 1559 540 1614 καὶ
579 1558 872 1630 τετμήσθω
913 1556 953 1629 ἡ
987 1556 1096 1614 ὑπὸ
1139 1563 1301 1613 ΑΓΒ
1342 1563 1519 1628 γωνία
1560 1562 1687 1630 δίχα
1726 1563 1792 1633 τῇ
1818 1565 1924 1615 ΓΔ

224 1644 443 1721 εὐθείᾳ·
483 1648 651 1718 λέγω,
699 1644 784 1702 ὅτι
835 1643 865 1716 ἡ
915 1652 1022 1701 ΑΒ
1070 1644 1266 1701 εὐθεῖα
1314 1650 1441 1718 δίχα
1488 1647 1742 1718 τέτμηται
1783 1647 1920 1703 κατὰ

223 1737 284 1791 τὸ
329 1743 383 1790 Δ
422 1747 670 1807 σημεῖον.

329 1823 475 1880 Ἐπεὶ
516 1823 622 1897 γὰρ
663 1832 753 1895 ἴση
796 1823 945 1880 ἐστὶν
986 1822 1019 1895 ἡ
1054 1829 1166 1879 ΑΓ
1189 1827 1254 1896 τῇ
1286 1827 1408 1895 ΓΒ,
1448 1823 1609 1895 κοινὴ
1645 1824 1705 1880 δὲ
1738 1823 1772 1897 ἡ
1804 1830 1851 1880 Γ
1847 1833 1919 1896 Δ,

221 1912 326 1969 δύο
383 1913 453 1984 δὴ
510 1915 572 1967 αἱ
609 1918 733 1983 ΑΓ,
788 1917 891 1968 ΓΔ
946 1912 1050 1968 δύο
1100 1923 1219 1978 ταῖς
1277 1917 1397 1983 ΒΓ,
1450 1918 1552 1969 ΓΔ
1604 1920 1718 1969 ἴσαι
1775 1916 1922 1970 εἰσὶν

222 2002 450 2074 ἑκατέρα
498 2001 747 2075 ἑκατέρῳ
810 2002 901 2056 καὶ
952 2006 1128 2072 γωνία
1174 1999 1208 2073 ἡ
1256 1999 1365 2057 ὑπὸ
1416 2006 1581 2057 ΑΓΔ
1626 2008 1805 2078 γωνίᾳ
1851 2007 1916 2076 τῇ

219 2087 328 2146 ὑπὸ
371 2094 531 2145 ΒΓΔ
571 2097 662 2161 ἴση
705 2091 876 2145 ἐστίν·
919 2089 1080 2160 βάσις
1120 2089 1229 2162 ἄρα
1268 2088 1302 2161 ἡ
1343 2097 1460 2145 ΑΔ
1498 2089 1656 2160 βάσει
1697 2094 1762 2164 τῇ
1806 2097 1918 2146 ΒΔ

221 2185 312 2250 ἴση
354 2180 521 2235 ἐστίν.

322 2266 398 2323 Ἡ
436 2266 545 2339 ἄρα
593 2270 828 2323 δοθεῖσα
877 2266 1074 2323 εὐθεῖα
1120 2269 1503 2342 πεπερασμένη
1551 2265 1585 2338 ἡ
1636 2274 1746 2323 ΑΒ
1787 2273 1914 2341 δίχα

218 2358 473 2429 τέτμηται
513 2355 648 2411 κατὰ
689 2354 751 2412 τὸ
795 2363 870 2411 Δ·
913 2354 1048 2428 ὅπερ
1090 2360 1200 2412 ἔδει
1241 2360 1494 2427 ποιῆσαι.

337 2510 379 2549 4.
414 2500 558 2563 ἐστίν]
584 2503 666 2549 PF
699 2504 765 2562 (in
788 2504 819 2548 b
844 2521 871 2548 ν
899 2507 1053 2577 eras.;)
1089 2500 1191 2549 ἐστι’
1216 2505 1379 2562 uulg03
1413 2518 1562 2562 comp.
1597 2508 1644 2549 B.
1759 2511 1824 2550 12.
1859 2502 1908 2563 ἡ]

217 2578 308 2607 om.
327 2563 424 2620 bp3
457 2578 516 2608 m.
537 2569 562 2608 2
596 2563 652 2610 V.
779 2569 847 2608 13.
882 2560 1086 2608 εὐθεῖαν
1116 2563 1499 2622 πεπερασμένην]
1531 2565 1589 2619 P,
1626 2579 1716 2610 om
1750 2564 1911 2610 Theon

218 2623 486 2679 (BFpr).
580 2629 649 2669 15.
681 2623 834 2680 ΑΓΒ]
867 2625 976 2668 ante
1010 2626 1054 2667 Γ
1079 2637 1168 2668 ras.
1204 2629 1226 2667 1
1259 2623 1352 2668 litt.
1383 2624 1440 2678 F3
1477 2625 1559 2667 ΓΒ
1591 2623 1640 2667 in
1671 2637 1758 2670 ras.
1794 2624 1849 2668 V.

215 2683 338 2726 Ante
371 2684 419 2726 et
449 2683 556 2738 post
586 2683 642 2741 τῇ
676 2697 766 2728 ras.
797 2683 849 2738 F,
899 2681 1019 2727 sicut
1048 2683 1156 2740 posi:
1189 2677 1364 2743 εὐθείᾳ
1394 2683 1475 2728 lin.
1505 2688 1573 2727 16.
1732 2689 1799 2727 17.
1832 2681 1907 2741 τό]

216 2737 299 2786 τόν
331 2755 481 2798 comp.
519 2743 570 2787 V.
755 2746 822 2787 19.
869 2742 1002 2786 δυσίν
1035 2742 1097 2796 V3
1131 2738 1218 2786 δύο
1251 2747 1352 2792 ταῖς
1384 2744 1485 2798 ΒΓ,
1520 2744 1603 2785 ΓΔ
1634 2755 1721 2788 om.
1756 2743 1787 2786 b
1835 2744 1906 2801 (τῇ

215 2801 282 2859 γβ
325 2802 390 2856 γδ
422 2816 482 2845 m.
509 2802 568 2858 2).
721 2806 791 2845 21.
833 2797 980 2859 ἐστίν]
1016 2797 1117 2845 ἔστί
1143 2799 1246 2858 Vp,
1295 2814 1444 2858 comp.
1476 2801 1567 2846 Bb.
1709 2802 1828 2857 ΒΔ]
1860 2802 1907 2845 in

214 2873 303 2904 ras,
336 2865 448 2928 m·-¹
481 2859 530 2904 P.
654 2865 724 2905 24.
758 2859 983 2917 τέμνηται
1014 2875 1058 2916 p.
1182 2860 1395 2918 ποιῆσαι]
1429 2861 1583 2914 δεῖξαι
1614 2859 1663 2915 Ρ,
1696 2875 1789 2917 mg.
1808 2876 1869 2904 m.
1883 2867 1904 2904 1

214 2935 283 2975 γρ.
316 2933 522 2975 ποιησαι.
