1956 3074
196 179 315 232 ,1132
843 176 1178 224 ΣΤΟΙΧΕΙΩΝ
1208 179 1274 240 β’.

312 296 445 354 Ἐὰν
485 297 595 372 ἄρα
628 296 830 354 «εὐθεῖα
867 297 1090 372 γραμμὴ
1123 303 1310 371 τμηθῇ
1344 302 1422 364 εἰς
1455 307 1548 354 ἴσα
1586 298 1678 353 καὶ
1711 297 1898 369 ἄνισα,

204 385 268 443 τὸ
308 385 418 442 ὑπὸ
458 390 572 443 τῶν
612 385 826 443 ἀνίσων
865 391 963 459 τῆς
1002 386 1134 459 ὅλης
1171 387 1471 459 τμημάτων
1503 386 1899 459 περιεχόμενον

188 472 566 547 ηόρθογώνιον
606 474 740 547 μετὰ
779 479 880 532 τοῦ
919 473 1030 531 ἀπὸ
1070 478 1166 546 τῆς
1205 473 1408 546 μεταξὺ
1446 478 1561 531 τῶν
1597 479 1786 546 τομῶν
1817 497 1899 531 τε-

205 562 498 636 τραγώνου
539 570 664 618 ἴσον
703 563 818 618 ἐστὶ
855 566 931 639 τῷ
971 561 1080 619 ἀπὸ
1121 566 1218 634 τῆς
1255 561 1508 634 ἡμισείας
1545 562 1894 638 τετραγώνῳ.

148 665 174 705 5
209 650 343 723 ὅπερ
384 656 497 708 ἔδει
537 653 727 718 δεῖξαι.
1063 724 1076 743 Ι

1018 741 1054 783 ,ς
1080 768 1092 780 ‚

314 825 460 883 Ἐὰν
495 824 743 883 εὐθεῖα
789 826 1048 899 γραμμὴ
1091 831 1307 901 τμηθῇ
1351 831 1525 900 δίχα,
1565 836 1900 936 προστεθῇ

206 917 282 972 δέ
331 939 427 983 τις
480 914 642 990 αὐτῇ
699 914 934 973 εὐθεῖα
990 915 1080 972 ἐπ’
1133 914 1428 988 εὐθείας,
1483 916 1555 974 τὸ
1611 915 1735 974 ὑπὸ
1782 920 1904 989 τῆς

187 1003 364 1076 ὅλης
403 1005 524 1061 σὺν
545 1009 628 1078 τῇ
661 1005 1104 1078 προσκειμένῃ
1138 1006 1245 1061 καὶ
1276 1010 1387 1077 τῆς
1418 1008 1903 1078 προσκειμένης

122 1092 685 1166 10’περιεχόμεν·ον
740 1092 1169 1166 ὀρθογώνιον
1229 1092 1386 1165 μετὰ
1439 1097 1557 1149 τοῦ
1611 1092 1734 1151 ἀπὸ
1788 1098 1905 1166 τῆς

207 1182 516 1255 ἡμισείας
565 1182 998 1255 τετραγώνου
1060 1189 1210 1238 ἴσον
1276 1183 1412 1238 ἐστὶ
1465 1187 1547 1259 τῷ
1604 1181 1726 1239 ἀπὸ
1789 1187 1905 1255 τῆς

211 1272 648 1342 συγκειμένης
684 1275 759 1327 ἔκ
805 1292 872 1327 τε
917 1275 1031 1342 τῆς
1069 1269 1373 1343 ἡμισείας
1411 1272 1518 1326 καὶ
1557 1275 1668 1343 τῆς
1706 1289 1903 1345 προσ-

209 1362 515 1433 κειμένης
553 1360 954 1436 τετραγώνῳ.

323 1447 543 1504 Εὐθεῖα
589 1447 696 1519 γάρ
735 1470 819 1513 τις
855 1446 890 1519 ἡ
931 1454 1040 1504 ΑΒ
1079 1445 1371 1519 τετμήσθω
1413 1451 1541 1520 δίχα
1580 1446 1718 1503 κατὰ
1756 1446 1819 1503 τὸ
1863 1453 1916 1503 Γ

125 1550 181 1591 15
215 1549 465 1610 σημεῖον,
509 1541 867 1608 προσκείσθω
916 1537 982 1592 δέ
1015 1558 1098 1602 τις
1137 1533 1275 1609 αὐτῇ
1319 1534 1515 1592 εὐθεῖα
1556 1534 1638 1592 ἐπ’
1684 1534 1910 1603 εὐθείας

210 1626 245 1699 ἡ
288 1634 428 1683 ΒΔ·
467 1626 629 1697 λέγω,
671 1623 756 1681 ὅτι
794 1623 858 1681 τὸ
897 1623 1007 1681 ὑπὸ
1047 1628 1162 1681 τῶν
1195 1632 1329 1695 ΑΔ,
1364 1631 1475 1681 ΔΒ
1512 1625 1908 1698 περιεχόμενον

213 1714 574 1789 ὀρθογώνιον
622 1712 757 1785 μετὰ
787 1717 903 1770 τοῦ
949 1711 1059 1770 ἀπὸ
1106 1717 1203 1785 τῆς
1242 1717 1343 1769 ΠΒ
1373 1713 1742 1786 ·τστραγώνου
1781 1722 1908 1772 ἴσον

214 1804 328 1861 ἐστὶ
368 1807 443 1879 τῷ
484 1801 594 1858 ἀπὸ
619 1806 732 1874 τῆς
771 1807 875 1858 ΓΔ
912 1802 1254 1878 τετραγώνῳ.

322 1890 762 1963 Ἀναγεγράφθω
807 1889 923 1963 γὰρ
972 1889 1088 1947 ,ἀπὸ
1142 1895 1241 1963 τῆς
1286 1895 1390 1947 ΓΔ
1441 1891 1794 1964 τετράγωνον
1845 1891 1908 1948 τὸ

125 1993 182 2033 20
215 1986 464 2052 ΓΕΖΔ,
518 1980 610 2035 καὶ
659 1980 969 2052 ἐπεζεύχθω
1006 1978 1051 2051 ἡ
1094 1986 1232 2051 ΔΕ,
1286 1980 1378 2035 καὶ
1427 1978 1521 2036 διὰ
1550 1980 1672 2052 ιμὲν
1719 1984 1821 2038 τοῦ
1848 1987 1908 2037 ’Β

218 2074 450 2141 σημείου
497 2066 737 2142 ὁποτέρᾳ
781 2072 895 2125 τῶν
941 2073 1062 2138 ΕΓ,
1111 2074 1222 2123 ΔΖ
1266 2068 1619 2141 παράλληλος
1665 2068 1825 2141 ἤχθω
1873 2067 1907 2141 ἡ

217 2162 352 2228 ΒΗ,
411 2155 503 2212 διὰ
553 2156 615 2213 δὲ
660 2161 857 2213 vobo
903 2162 1137 2228 σημείου
1184 2154 1422 2231 ὁποτέρᾳ
1468 2161 1581 2214 τῶν
1629 2165 1763 2228 ΑΒ,
1803 2164 1908 2214 ΕΖ

219 2244 570 2319 παράλληλος
605 2245 766 2318 ἤχθω
806 2243 840 2317 ἡ
880 2251 1034 2315 ΚΜ,
1073 2246 1165 2301 καὶ
1206 2251 1283 2302 ἔτι
1324 2245 1417 2302 διὰ
1446 2251 1557 2303 τοῦ
1582 2253 1635 2301 Α
1675 2244 1912 2321 ὁποτέρᾳ

219 2338 333 2391 τῶν
373 2339 490 2406 ΓΛ,
531 2341 668 2390 ΔΜ
696 2333 1049 2406 παράλληλος
1087 2333 1247 2407 ἤχθω
1288 2332 1323 2406 ἡ
1364 2342 1493 2392 ΛΚ.

132 2435 188 2477 25
328 2421 475 2479 ,Ἐπεὶ
523 2417 629 2479 οὖν
676 2430 768 2495 ἴση
816 2424 967 2479 ἐστὶν
1006 2421 1040 2495 ἡ
1082 2426 1292 2495 ΑΓτῇ
1333 2429 1462 2495 ΓΒ,
1503 2431 1628 2481 ἴσον
1668 2424 1782 2480 ἐστὶ
1820 2424 1912 2480 καὶ

220 2512 281 2567 τὸ
323 2517 437 2566 ΑΛ
474 2515 550 2587 τῷ
591 2517 707 2567 ΓΘ.
770 2509 911 2567 ἀλλὰ
950 2510 1013 2568 τὸ
1054 2516 1155 2567 ΓΘ
1193 2515 1268 2588 τῷ
1299 2518 1402 2567 ΘΖ
1441 2519 1568 2568 ἴσον
1608 2515 1776 2568 ἐστίν.
1821 2512 1913 2568 καὶ

341 2660 419 2706 VI.
453 2660 605 2707 Schol.
640 2660 689 2704 in
720 2660 927 2705 Archim.
961 2660 1027 2704 III
1057 2676 1102 2718 p.
1130 2665 1231 2706 383.
1279 2660 1469 2705 Boetius
1501 2676 1546 2717 p.
1572 2666 1762 2717 385,22.

345 2799 383 2838 1.
419 2791 578 2865 γραμή
605 2793 656 2838 Ρ.
810 2792 877 2844 εἰς
908 2790 1052 2837 ἄνισα
1083 2809 1127 2850 p.
1281 2798 1321 2837 4.
1356 2789 1481 2838 ἐστίν
1512 2792 1612 2839 PV.
1736 2797 1798 2838 8
1833 2788 1907 2838 ἐπ’

225 2849 437 2908 ευθείας,
469 2850 520 2897 τὸ
553 2849 671 2911 ὑπό]
703 2853 752 2896 in
782 2866 870 2897 ras.
904 2853 959 2897 V.
1094 2858 1134 2898 9.
1167 2851 1451 2955 προσκει1μ1έν
1486 2853 1504 2911 ]
1538 2868 1602 2898 -σ-
1637 2866 1778 2911 supra
1807 2868 1899 2956 p⁰12

223 2910 538 2984 προκειμένης
568 2912 624 2966 V,
659 2914 706 2956 et
734 2927 766 2969 p
799 2911 881 2956 sed
911 2925 1026 2957 corr.
1058 2926 1118 2955 m.
1146 2916 1186 2956 1.
1414 2869 1583 2955 ‚Qum
1613 2911 1668 2957 V.

225 2968 583 3029 προσκειμένης]
620 2985 684 3015 -σ-
716 2970 873 3016 inseriz.
906 2987 951 3028 p.
1030 2970 1144 3015 Post
1171 2971 1262 3015 hoc
1292 2971 1489 3015 uerbum
1519 2971 1711 3031 legitur
1725 2967 1787 3022 ὥς
1818 2967 1914 3015 ἀπὸ
