1956 3074
212 127 281 179 58
847 126 1182 170 ΣΤΟΙΧΕΙΩΝ
1214 143 1243 169 α
1254 123 1278 169 ’.

211 243 311 315 ρας
355 243 453 310 τοὶς
491 251 625 315 ΑΒ,
666 249 781 299 ΑΓ
820 255 937 310 ταῖς
989 244 1092 300 δύο
1144 251 1406 316 πλευραῖς
1454 255 1572 309 ταῖς
1612 250 1749 314 ΔΕ,
1794 251 1903 299 ΔΖ
1952 265 1956 314 ζ

213 338 336 398 ἴσας
383 337 580 404 ἔχοντα
629 333 893 404 ἑκατέραν
943 332 1195 407 ἑκατέρᾳ,
1243 330 1346 403 τὴν
1395 331 1498 402 μὲν
1539 338 1646 386 ΑΒ
1686 335 1750 404 τῇ
1793 339 1847 386 Δ
1858 339 1908 387 Ε
1952 351 1956 381 ἰ

212 419 315 491 τὴν
355 420 413 476 δὲ
452 425 568 476 ΑΓ
590 425 655 494 τῇ
691 428 821 493 ΔΖ,
860 419 894 492 ἡ
936 420 998 475 δὲ
1036 420 1176 493 πρὸς
1213 423 1288 496 τῷ
1324 427 1375 474 Α
1415 425 1593 490 γωνία
1631 423 1728 490 τῆς
1768 419 1905 492 πρὸς
1948 460 1956 490 ,

209 511 285 584 τῷ
320 516 375 563 Δ
406 514 613 580 γωνίας
652 514 851 580 μείζων
891 513 1050 564 ἔστω·
1091 510 1251 580 λέγω,
1294 507 1378 564 ὅτι
1416 509 1508 564 καὶ
1548 508 1710 578 βάσις
1741 506 1774 579 ἡ
1803 513 1912 563 ΒΓ

158 608 184 649 5
217 596 433 668 βάσεως
470 600 566 669 τῆς
606 604 709 653 ΕΖ
750 602 949 668 μείζων
989 599 1154 653 ἐστίν.

317 683 466 741 Ἐπεὶ
520 684 627 758 γὰρ
679 691 878 758 μείζων
929 683 963 756 ἡ
1019 683 1127 741 ὑπὸ
1185 689 1364 739 ΒΑΓ
1410 689 1588 754 γωνία
1642 687 1739 753 τῆς
1793 681 1902 739 ὑπὸ

212 780 381 828 ΕΔΖ
420 779 644 844 γωνίας,
684 774 1001 830 συνεστάτω
1040 774 1180 845 πρὸς
1218 777 1282 845 τῇ
1322 779 1438 827 ΛΕ
1466 770 1662 845 εὐθείᾳ
1699 773 1790 827 καὶ
1830 776 1904 847 τῷ

211 861 351 933 πρὸς
397 860 536 935 αὐτῇ
585 867 792 936 σημείῳ
840 865 915 937 τῷ
958 869 1013 917 Δ
1057 866 1122 935 τῇ
1161 859 1273 917 ὑπὸ
1316 866 1488 917 ΒΑΓ
1519 865 1698 934 γωνία
1739 868 1829 931 ἴση
1871 859 1904 932 ἡ
1952 864 1956 873 ²

212 946 322 1004 ὑπὸ
367 956 562 1019 ΕΔΗ,
611 951 706 1006 καὶ
744 955 954 1006 κείσθω
996 947 1234 1023 ὁποτέρᾳ
1272 953 1387 1005 τῶν
1426 955 1549 1019 ΑΓ,
1591 955 1700 1004 ΛΖ
1741 956 1831 1020 ἴση
1874 946 1907 1020 ἡ
1951 983 1956 987 -

132 1051 187 1092 10
221 1044 358 1108 ΔΗ,
397 1039 491 1094 καὶ
531 1039 952 1111 ἐπεζεύχθωσαν
992 1041 1054 1093 αἱ
1090 1044 1221 1107 ΕΗ,
1263 1044 1387 1093 ΖΗ.

319 1125 467 1182 Ἐπεὶ
508 1121 615 1183 οὖν
656 1135 747 1198 ἴση
790 1127 939 1182 ἐστὶν
979 1123 1012 1197 ἡ
1054 1125 1155 1197 μὲν
1196 1132 1307 1181 ΑΒ
1347 1130 1412 1199 τῇ
1457 1133 1584 1195 ΔΕ,
1625 1123 1658 1196 ἡ
1701 1125 1762 1181 δὲ
1802 1131 1915 1181 ΑΓ

212 1204 278 1287 τῇ
313 1221 451 1285 ΔΗ,
492 1214 597 1271 δύο
639 1214 708 1286 δὴ
750 1217 812 1270 αἱ
840 1221 969 1284 ΒΑ,
1009 1219 1125 1269 ΑΓ
1150 1215 1279 1270 δυσὶ
1319 1226 1439 1279 ταῖς
1471 1220 1599 1284 ΕΔ,
1641 1219 1770 1268 ΛΗ
1794 1220 1908 1269 ἴσαι

221 1303 366 1358 εἰσὶν
394 1303 624 1376 ἑκατέρα
664 1304 912 1377 ἑκατέρᾳ·
952 1303 1046 1358 καὶ
1089 1308 1267 1373 γωνία
1306 1300 1340 1373 ἡ
1380 1300 1488 1358 ὑπὸ
1533 1307 1707 1358 ΒΑΓ
1731 1307 1911 1376 γωνίᾳ
1953 1316 1956 1318 ’

214 1394 279 1463 τῇ
333 1388 445 1447 ὑπὸ
487 1398 677 1447 ΕΔΗ
725 1399 842 1463 ἴση·
905 1391 1069 1463 βάσις
1115 1390 1225 1464 ἄρα
1271 1389 1305 1462 ἡ
1347 1396 1457 1446 ΒΓ
1488 1390 1650 1461 βάσει
1688 1395 1753 1464 τῇ
1798 1397 1921 1447 ΕΗ

130 1492 182 1532 15
217 1482 366 1535 ἐστιν
407 1486 514 1551 ἴση.
594 1480 784 1551 πάλιν,
827 1481 941 1537 ἐπεὶ
983 1488 1074 1551 ἴση
1118 1481 1268 1535 ἐστὶν
1307 1478 1341 1550 ἡ
1384 1486 1493 1534 ΔΖ
1531 1483 1596 1552 τῇ
1640 1486 1777 1548 ΛΗ,
1818 1487 1909 1550 ἴση

215 1568 328 1624 ἐστὶ
379 1569 471 1623 καὶ
518 1567 551 1639 ἡ
593 1567 701 1624 ὑπὸ
746 1575 921 1624 ΔΗΖ
967 1574 1144 1639 γωνία
1193 1571 1258 1640 τῇ
1299 1566 1408 1623 ὑπὸ
1452 1574 1649 1623 ΔΖΗ·
1712 1573 1911 1639 μείζων

215 1655 325 1729 ἄρα
364 1655 396 1727 ἡ
435 1655 545 1713 ὑπὸ
589 1663 773 1712 ΔΖΗ
804 1660 901 1728 τῆς
939 1655 1047 1713 ὑπὸ
1093 1663 1286 1712 ΕΗΖ·
1333 1659 1521 1732 πολλῷ
1562 1655 1672 1728 ἄρα
1713 1660 1912 1726 μείζων

217 1746 366 1801 ἐστὶν
412 1744 446 1816 ἡ
495 1743 604 1802 ὑπὸ
646 1752 821 1801 ΕΖΗ
858 1749 956 1817 τῆς
994 1744 1103 1802 ὑπὸ
1147 1751 1332 1801 ΕΗΖ.
1423 1746 1515 1801 καὶ
1557 1745 1671 1801 ἐπεὶ
1722 1749 1912 1816 τρίγω-

215 1834 320 1890 νόν
368 1837 481 1890 ἐστι
528 1834 590 1890 τὸ
632 1841 809 1890 ΕΖΗ
850 1840 1074 1906 μείζονα
1128 1839 1256 1906 ἕχον
1302 1833 1406 1905 τὴν
1444 1832 1553 1889 ὑπὸ
1595 1839 1771 1888 ΕΖΗ
1808 1855 1913 1903 γω-

130 1937 185 1975 20
218 1927 348 1978 νίαν
394 1927 491 1994 τῆς
538 1921 647 1979 ὑπὸ
689 1929 889 1993 ΕΗΖ,
936 1921 1046 1978 ὑπὸ
1098 1922 1160 1978 δὲ
1206 1921 1308 1992 τὴν
1360 1927 1583 1992 μείζονα
1623 1925 1836 1991 γωνίαν
1876 1918 1910 1991 ἡ

218 2016 416 2083 μείζων
472 2010 683 2083 πλευρὰ
730 2009 1034 2080 ὑποτείνει,
1089 2014 1289 2081 μείζων
1337 2008 1446 2081 ἄρα
1493 2009 1586 2064 καὶ
1625 2008 1835 2080 πλευρὰ
1876 2006 1910 2079 ἡ

219 2106 342 2155 ΕΗ
371 2103 469 2171 τῆς
507 2105 626 2155 ΕΖ.
697 2106 788 2170 ἴση
831 2098 893 2155 δὲ
932 2096 965 2169 ἡ
1007 2103 1129 2154 ΕΗ
1160 2101 1224 2170 τῇ
1266 2102 1391 2153 ΒΓ·
1430 2102 1630 2169 μείζων
1671 2096 1780 2169 ἄρα
1820 2097 1914 2151 καὶ

219 2187 252 2259 ἡ
294 2193 404 2244 ΒΓ
435 2191 533 2260 τῆς
571 2194 692 2244 ΕΖ.

327 2275 459 2332 Ἐὰν
514 2276 624 2348 ἄρα
687 2275 793 2333 δύο
850 2280 1095 2348 τρίγωνα
1150 2274 1250 2340 τὰς
1312 2274 1417 2330 δύο
1479 2281 1720 2346 πλευρας
1785 2274 1914 2329 δυσὶ

131 2378 188 2417 25
220 2359 483 2436 πλευραῖς
530 2372 654 2431 ἴσας
700 2369 794 2438 ἔχῃ
848 2365 1112 2437 ἑκατέραν
1152 2364 1407 2436 ἑκατέρᾳ,
1457 2362 1560 2434 τὴν
1601 2362 1662 2418 δὲ
1701 2368 1916 2432 γωνίαν

221 2457 317 2525 τῆς
361 2459 569 2525 γωνίας
614 2459 838 2525 μείζονα
887 2457 980 2524 ἔχῃ
1028 2451 1131 2523 τὴν
1178 2450 1289 2508 ὑπὸ
1340 2455 1453 2507 τῶν
1495 2458 1633 2506 ἴσων
1673 2449 1916 2507 εὐθειῶν

222 2542 638 2614 περιεχομένην,
679 2542 771 2596 καὶ
802 2540 907 2611 τὴν
940 2539 1109 2610 βάσιν
1141 2543 1240 2610 τῆς
1270 2539 1486 2609 βάσεως
1517 2543 1742 2610 μείζονα
1776 2540 1911 2605 ἕξει·

225 2629 363 2702 ὅπερ
405 2634 517 2685 ἔδει
558 2631 746 2696 δεῖξαι.

345 2739 383 2780 1.
419 2735 529 2777 δυσί
565 2733 711 2777 BFV.
887 2736 928 2775 3.
972 2727 1001 2802 ἡ
1048 2728 1101 2775 δὲ
1146 2728 1266 2785 πρὸς
1308 2731 1370 2790 τῷ
1405 2735 1439 2774 A
1482 2731 1630 2786 γωνία
1673 2729 1757 2785 τῆς
1799 2725 1916 2783 πρὸς

224 2793 286 2847 τῷ
321 2797 364 2836 Δ
394 2792 589 2850 γωνίας]
621 2793 679 2846 Ρ;
713 2791 861 2849 γωνία
892 2789 945 2835 δὲ
979 2806 1007 2845 η
1040 2785 1134 2833 ὑπὸ
1169 2793 1307 2834 ΒΑΓ
1332 2789 1506 2846 γωνίας
1537 2789 1618 2845 τῆς
1649 2783 1742 2831 ὑπὸ
1776 2789 1916 2832 ΕΔΖ

223 2851 383 2896 Theon
415 2850 682 2908 (BFpr).
814 2855 854 2894 4.
891 2847 1025 2906 ἔστω]
1061 2866 1115 2891 -ω
1147 2848 1197 2892 in
1228 2862 1314 2892 ras.
1349 2847 1403 2891 V.
1535 2852 1575 2891 6.
1613 2842 1744 2918 ἐπεί]
1778 2845 1825 2890 εἰ
1853 2842 1915 2902 μὴ

224 2911 276 2955 Β.
398 2909 588 2967 μείζων]
626 2912 679 2966 Ρ;
716 2911 885 2967 μείζων
923 2905 1048 2953 ἐστίν
1080 2907 1244 2952 Theon
1270 2907 1531 2965 (BFpr).
1654 2900 1748 2949 ὑπο
1784 2908 1922 2949 ΒΑΓ
