1956 3074
110 1065 165 1104 10

110 1509 163 1548 15

102 1953 159 1991 20

105 2395 160 2436 25

203 139 274 191 66
834 139 1171 182 ΣΤοῙΧΕῙῼΝ
1202 144 1270 183 α’.

201 258 351 312 ε’στιν
399 263 514 327 ἴση·
567 255 847 328 τριγώνου
892 255 960 327 δὴ
1008 260 1111 312 τοῦ
1151 261 1321 312 ΑΘΓ
1366 254 1398 326 ἡ
1441 255 1596 321 ἐκτὸς
1640 261 1819 327 γωνία
1858 255 1894 329 ἡ

199 342 308 400 ὑπὸ
350 351 515 400 ΒΘΑ
568 352 658 415 ἴση
707 344 822 399 ἐστὶ
861 348 926 417 τῇ
969 342 1125 409 ἐντὸς
1162 345 1255 399 καὶ
1295 342 1631 400 ἀπεναντίον
1678 349 1744 419 τῇ
1784 345 1893 402 ὑπὸ

202 438 378 488 ΒΓΑ·
428 431 560 504 ὅπερ
610 431 908 488 ἀδύνατον.
988 430 1093 488 οὐκ
1143 431 1254 504 ἄρα
1293 431 1489 498 ἄνισός
1529 435 1679 489 ἐστιν
1718 433 1752 505 ἡ
1793 440 1905 490 ΒΓ

197 525 265 594 τῇ
306 528 432 576 ΕΖ·
473 528 564 591 ἴση
606 520 729 593 ἄρα.
794 521 907 576 ἐστὶ
949 520 1010 576 δὲ
1048 521 1141 576 καὶ
1180 519 1214 591 ἡ
1247 527 1355 575 ΑΒ
1394 525 1462 593 τῇ
1490 528 1608 576 ΔΕ
1638 530 1746 593 ἴση.
1786 522 1892 579 δύο

199 608 268 681 δὴ
309 612 371 664 αἱ
406 615 534 679 AB,
575 615 687 664 ΒΓ
720 609 824 665 δύο
873 621 993 674 ταῖς
1033 616 1087 664 A
1101 616 1163 678 E,
1203 615 1307 664 ΕΖ
1340 616 1456 664 ἴσαι
1489 610 1632 665 εἰσὶν
1665 611 1894 683 ἑκατέρα

198 699 452 770 ἑκατέρᾳ·
513 698 607 752 καὶ
662 703 871 768 γωνίας
922 705 1044 762 ἴσας
1090 699 1427 769 περιέχουσι·
1484 700 1644 768 βάσις
1692 698 1802 771 ἄρα
1857 697 1891 771 ἡ

197 792 312 841 ΛΓ
343 785 504 856 βάσει
549 789 615 858 τῇ
658 792 712 840 A
725 792 767 840 Z
809 793 900 857 ἴση
949 788 1124 856 ἐστίν,
1176 787 1267 840 καὶ
1306 785 1368 841 τὸ
1404 791 1578 841 ΑΒΓ
1615 792 1894 858 τρίγωνον

196 877 271 951 τῷ
306 880 473 929 ΔΕΖ
506 874 759 949 τριγώνῳ
802 881 927 930 ἴσον
965 875 1059 929 καὶ
1098 873 1261 945 λοιπὴ
1301 879 1478 945 γωνία
1517 872 1551 946 ἡ
1593 873 1702 930 ὑπὸ
1732 881 1901 932 ΒΑΓ

195 967 263 1037 τῇ
304 966 470 1036 λοιπῇ
511 967 691 1037 γωνία
728 966 794 1036 τῇ
834 960 945 1018 ὑπὸ
988 969 1156 1018 ΕΛΖ
1197 970 1305 1034 ἴση.

304 1050 436 1108 Ἐὰν
505 1050 615 1123 ἄρα
678 1051 783 1107 δύο
848 1057 1092 1123 τρίγωνα
1157 1050 1257 1116 τὰς
1325 1051 1430 1107 δύο
1492 1056 1702 1123 γωνίας
1763 1054 1893 1108 δυσὶ

195 1145 426 1211 γωνίαις
474 1147 597 1205 ἴσας
645 1144 739 1213 ἔχῃ
796 1140 1060 1213 ἑκατέραν
1116 1141 1345 1214 ἑκατέρᾳ
1398 1141 1490 1195 καὶ
1551 1145 1686 1211 μίαν
1731 1147 1892 1196 πλευ-

195 1227 303 1299 ρὰν
356 1232 455 1301 μιᾷ
511 1232 724 1301 πλευρᾷ
774 1235 904 1300 ἴσην
950 1228 1074 1299 ἤτοι
1123 1227 1225 1300 τὴν
1264 1228 1403 1301 πρὸς
1440 1241 1561 1294 ταῖς
1601 1236 1746 1295 ἴσαις
1784 1252 1891 1300 γω-

194 1322 359 1387 νίαις,
400 1314 434 1389 ἢ
463 1319 568 1388 τὴν
598 1315 1009 1373 ὑποτείνουσαν
1039 1315 1150 1373 ὑπὸ
1183 1322 1317 1388 μίαν
1348 1321 1461 1373 τῶν
1487 1324 1626 1372 ἴσων
1650 1322 1892 1389 γωνιῶν,

194 1406 287 1461 καὶ
333 1405 434 1471 τὰς
478 1404 677 1471 λοιπὰς
722 1405 966 1478 πλευρὰς
1010 1418 1131 1471 ταῖς
1178 1413 1395 1471 λοιπαῖς
1448 1413 1710 1477 πλευραῖς
1768 1414 1892 1472 ἴσας

199 1495 307 1561 ἕξει
345 1495 437 1550 καὶ
476 1493 579 1566 τὴν
611 1494 812 1566 λοιπὴν
836 1500 1050 1565 γωνίαν
1080 1498 1146 1568 τῇ
1180 1498 1343 1567 λοιπῇ
1378 1499 1577 1568 γωνία·
1611 1492 1745 1566 ὅπερ
1778 1498 1899 1550 ἔδει·

196 1583 386 1649 δεῖξαι.

990 1657 1095 1724 κζ’.

301 1758 447 1816 Ἐὰν
488 1764 581 1826 εἰς
614 1760 732 1816 δύο
767 1758 1038 1826 εὐθείας
1069 1758 1309 1816 εὐθεῖα
1343 1762 1752 1832 ἐμπίπτουσα
1775 1759 1890 1827 τὰς

195 1846 475 1915 ἐναλλὰξ
514 1854 764 1919 γωνίας
803 1856 949 1914 ἴσας
988 1847 1303 1919 ἀλλήλαις
1342 1852 1521 1922 ποιῇ,
1555 1848 1879 1920 παράλλη-

192 1944 297 1992 λοι
338 1941 608 1993 ἔσονται
648 1934 966 2008 ἀλλήλαις
1005 1939 1075 1991 αἱ
1111 1935 1389 1993 εὐθεῖαι.

306 2030 407 2091 Εἰς
453 2025 560 2098 γὰρ
609 2025 714 2082 δύο
763 2024 989 2091 εὐθείας
1034 2024 1131 2091 τὰς
1169 2032 1304 2095 ΑΒ,
1352 2030 1464 2080 ΓΛ
1502 2024 1697 2081 εὐθεῖα
1737 2029 1890 2098 ἐμπί-

192 2130 407 2170 πτουσα
430 2111 464 2185 ἡ
493 2120 596 2169 ΕΖ
619 2112 716 2179 τὰς
750 2113 984 2181 ἐναλλὰξ
1015 2119 1223 2186 γωνίας
1253 2111 1351 2178 τὰς
1374 2111 1483 2169 ὑπὸ
1509 2120 1693 2185 ΑΕΖ,
1719 2121 1890 2170 ΕΖΔ

194 2209 316 2268 ἴσας
355 2201 623 2273 ἀλλήλαις
660 2207 907 2258 ποιείτω·
947 2205 1109 2275 λέγω,
1150 2201 1235 2259 ὅτι
1273 2201 1625 2275 παράλληλός
1665 2204 1814 2259 ἐστιν
1853 2201 1888 2274 ἡ

195 2297 302 2346 ΑΒ
340 2294 406 2364 τῇ
447 2296 565 2347 ΓΛ.

307 2383 382 2435 Ec
417 2378 524 2451 γὰρ
566 2379 660 2451 μή,
705 2379 1103 2451 ἐκβαλλόμεναι
1145 2382 1207 2434 αἱ
1241 2386 1369 2449 ΑΒ,
1407 2385 1513 2436 ΓΔ
1544 2383 1889 2451 συμπεσοῦν-

192 2490 282 2524 ται
321 2467 445 2540 ἤτοι
485 2468 573 2524 ἐπὶ
611 2467 679 2523 τὰ
719 2474 785 2538 Β,
827 2476 882 2524 Δ
920 2470 1057 2541 μέρη
1099 2465 1132 2539 ἢ
1174 2469 1260 2525 ἐπὶ
1299 2467 1366 2524 τὰ
1407 2476 1477 2539 Α,
1517 2473 1577 2523 Γ.
1635 2467 1888 2540 ἐκβεβλή-

309 2616 494 2663 XXVII.
527 2616 711 2674 Philop.
745 2615 793 2660 in
826 2615 946 2661 anal.
980 2616 1260 2661 Ilfol.18v.
1315 2616 1505 2661 Boetius
1535 2631 1581 2674 p.
1606 2620 1708 2671 382,
1726 2621 1796 2660 23.

313 2756 352 2794 1.
384 2749 497 2795 Post
529 2751 604 2806 ἴση
636 2750 798 2794 Theon
830 2749 935 2792 add.
969 2748 1050 2793 καὶ
1082 2745 1110 2804 ἡ
1144 2744 1239 2794 ὑπὸ
1266 2750 1402 2793 ΒΘΑ
1434 2764 1529 2804 αρα
1560 2749 1614 2807 τῇ
1641 2744 1734 2792 ὑπὸ
1761 2751 1885 2792 ΒΓΑ

190 2806 316 2854 ἐστιν
358 2811 434 2865 ἴση
475 2810 577 2866 (BF
575 2767 731 2866 ηῊΗΡ
781 2807 831 2851 in
873 2809 908 2852 F
941 2804 1034 2862 ἄρα
1069 2822 1210 2865 supra
1241 2823 1325 2853 sor.
1359 2810 1408 2852 et
1437 2821 1521 2864 pro
1554 2810 1677 2851 ΒΓΑ
1709 2807 1886 2865 legitur

190 2871 359 2924 BPA);
392 2869 556 2913 eadem
586 2867 623 2911 P
653 2883 746 2943 mg.
779 2880 920 2911 manu
950 2881 1038 2912 rec.
1162 2872 1202 2911 2.
1237 2864 1362 2912 ἐστίν
1393 2867 1444 2923 Ρ,
1476 2868 1530 2910 ut
1560 2866 1640 2911 lin.
1674 2872 1714 2910 4.
1839 2871 1881 2910 5.

189 2929 300 2971 δυσί
325 2927 462 2984 BFp.
587 2933 626 2972 7.
662 2924 807 2985 ἐστίν]
840 2926 940 2980 PF,
975 2923 1076 2970 ἐστι’
1101 2926 1258 2983 uulgo.
1381 2929 1421 2970 8
1456 2928 1556 2969 ἴσον
1591 2922 1690 2970 ἐστί
1719 2925 1882 2970 Theon
