1956 3074
539 124 998 167 ELEMENTORUM
1027 125 1210 167 LIBER
1240 127 1288 168 1„
1682 123 1750 176 91

0 239 7 297 1'
65 250 149 301 est
184 244 490 315 triangulus
531 247 587 295 Δ
596 246 642 296 Β
652 246 726 314 Γ;
783 262 911 296 nam
951 243 1241 296 diametrus
1284 248 1338 296 Δ
1348 247 1400 297 Γ
1431 245 1486 297 id
1524 244 1582 298 in
1620 246 1752 298 duas

3 364 6 399 f
67 337 247 406 partes
286 333 538 402 aequales
577 331 782 385 diuidit.
851 331 1035 402 itaque
1048 329 1091 401 1)
1122 331 1181 388 Δ
1207 334 1457 385 ABP=
1484 337 1664 387 ABF.

175 422 322 491 Ergo
346 420 613 491 trianguli
637 421 693 472 in
711 420 898 473 eadem
921 421 1042 474 basi
1065 420 1234 489 positi
1260 424 1313 473 et
1336 421 1392 474 in
1417 421 1610 474 iisdem
1633 441 1754 492 par-

72 511 244 566 allelis
268 510 409 563 inter
435 528 492 563 se
518 510 768 578 aequales
791 511 936 579 sunt3
963 509 1106 579 quod
1124 513 1241 564 erat
1262 509 1756 566 demonstrandum.

755 641 1060 697 XXXVIII.

175 747 460 817 Trianguli
498 748 558 800 in
590 746 904 815 aequalibus
937 746 1160 800 basibus
1192 749 1360 817 positi
1394 749 1449 800 et
1477 748 1534 801 in
1565 748 1757 802 iisdem

65 837 339 908 parallelis
378 837 520 889 inter
559 854 616 888 se
657 835 907 904 aequales
949 839 1090 888 sunt.

203 966 282 1015 ff
338 968 417 1015 A
486 964 547 1014 Δ
672 964 716 1013 θ
891 923 1013 977 Sint
1058 924 1322 995 trianguli
1369 929 1549 994 ΑΒΓ,
1590 931 1758 980 ΔΕΖ

776 1014 834 1066 in
874 1013 1190 1084 aequalibus
1230 1014 1453 1068 basibus
1493 1018 1615 1083 ΒΓ,
1655 1019 1759 1068 ΕΖ

131 1020 689 1177 Q
778 1105 832 1156 et
862 1103 918 1155 in
950 1103 1142 1156 iisdem
1172 1104 1451 1172 parallelis
1483 1108 1761 1172 BZ‚AA.

72 1183 140 1232 ΙΙ
234 1185 298 1230 Γ
490 1183 556 1232 -B'
657 1180 709 1230 Ζ
778 1192 914 1262 dim,
955 1209 1070 1245 esse
1109 1190 1455 1248 ΔΑΒΓ--
1483 1197 1664 1247 ΔΕΖ.

175 1283 504 1353 producatur
554 1281 698 1334 enim
736 1285 790 1333 A
798 1284 855 1332 A
901 1280 969 1334 ad
1007 1283 1291 1349 utramque
1329 1284 1540 1350 partem
1582 1281 1648 1333 ad
1688 1284 1762 1349 H,

65 1375 135 1441 Θ,
174 1374 227 1424 et
264 1389 362 1441 per
400 1374 447 1423 Β
485 1372 663 1424 rectae
701 1371 803 1422 ΓΑ
839 1369 1102 1439 parallela
1139 1369 1368 1422 ducatur
1406 1373 1542 1438 ΒΗ,
1580 1388 1676 1440 per
1717 1373 1762 1422 Z

69 1462 251 1514 autem
281 1462 459 1513 rectae
493 1462 611 1511 AE
637 1458 902 1527 parallela
941 1459 1168 1512 dueatur
1208 1462 1311 1512 ΖΘ
1351 1461 1525 1528 [prop.
1540 1458 1761 1526 XXXIJ.

179 1549 693 1618 parallelogramma
731 1548 898 1617 igitur
938 1551 1066 1600 sunt
1104 1551 1350 1614 ΗΒΓΑ,
1397 1551 1632 1602 ΔΕΖΘ.
1710 1550 1764 1600 613

70 1640 295 1692 ΗΒΓΑ
320 1663 390 1680 =
411 1640 656 1706 ΔΕΖΘ;
695 1655 825 1689 nam
857 1640 911 1688 et
943 1637 1000 1689 in
1033 1637 1348 1712 aequalibus
1381 1638 1603 1690 basibus
1636 1640 1764 1690 sunt

67 1729 186 1794 ΒΓ,
211 1730 315 1779 ΕΖ
345 1728 401 1778 613
423 1726 480 1778 in
503 1725 695 1778 iisdem
720 1726 995 1795 parallelis
1012 1728 1138 1793 ΒΖ,
1161 1728 1227 1777 Η
1228 1729 1276 1779 Θ
1301 1728 1476 1797 [prop.
1491 1726 1762 1793 XXXVH.

68 1821 124 1869 et
154 1814 650 1884 parallelogrammi
673 1817 897 1868 ΗΒΓΑ
928 1814 1149 1867 dimidia
1181 1833 1308 1885 pars
1342 1818 1426 1868 est
1455 1816 1763 1887 triangulus

68 1908 255 1974 ABs'3
293 1923 422 1958 nam
460 1904 755 1958 diametrus
781 1907 891 1957 AB
923 1904 977 1956 id
1017 1904 1075 1956 in
1114 1904 1246 1956 duas
1286 1907 1470 1972 partes
1512 1905 1763 1975 aequales

69 1994 266 2048 diuidit
290 1996 464 2063 [prop.
483 1993 755 2060 XXXIV}
802 1993 1300 2062 parallelogrammi
1333 1996 1513 2046 autem
1539 1997 1766 2047 ΔΕΖΘ

70 2082 291 2137 dimidia
328 2102 454 2153 pars
495 2086 578 2136 est
609 2084 912 2154 triangulus
940 2087 1110 2136 ZEA
1119 2104 1132 2153 3
1172 2101 1299 2136 nam
1332 2083 1628 2153 diametrus
1654 2088 1710 2137 A
1719 2089 1764 2138 Z

191 2231 235 2287 1)
278 2228 394 2274 Cum
427 2230 630 2284 constet,
669 2245 711 2273 κ.
747 2226 840 2273 ἔνν.
876 2235 902 2275 6
934 2229 994 2273 ab
1025 2229 1218 2275 Euclide
1250 2244 1344 2275 non
1374 2230 1634 2287 profectam
1666 2244 1766 2276 esse

73 2289 172 2346 (cfr.
188 2288 380 2334 Proclus
406 2304 448 2345 p.
471 2293 570 2342 196,
588 2290 675 2346 25),
708 2303 993 2346 quamquam
1022 2290 1234 2346 tempore
1266 2289 1380 2335 satis
1411 2289 1606 2348 antiquo
1639 2291 1765 2346 (ante

73 2347 309 2393 Tbeonem
343 2347 527 2402 saltem)
558 2347 846 2404 interpolata
876 2350 967 2403 est,
1007 2347 1109 2392 ueri
1141 2348 1293 2394 simile
1326 2351 1410 2405 est,
1443 2350 1589 2394 uerba
1619 2345 1676 2394 τὰ
1711 2348 1765 2395 δέ

72 2407 164 2452 τῶν
196 2410 309 2452 ἴσων
342 2403 484 2463 ἡμίση
519 2409 597 2451 ἴσα
630 2402 842 2464 ἀλλήλοις
877 2403 1002 2451 ἐστίν
1033 2407 1112 2452 lin.
1131 2413 1158 2452 2
1192 2409 1241 2453 et
1270 2423 1314 2465 p.
1327 2413 1435 2464 92‚1
1463 2409 1625 2453 eodem
1649 2410 1766 2453 tem-

72 2481 183 2524 pore
214 2465 467 2523 irrepsisse.
531 2465 749 2511 Euclides
780 2482 891 2511 usus
924 2468 1026 2511 erat
1056 2484 1097 2513 κ.
1133 2465 1226 2512 ἔνν.
1262 2472 1302 2512 3.

75 2575 145 2616 17.
178 2574 268 2615 ΗΒ
299 2573 350 2616 Ρ.
475 2573 527 2628 Ζ]
562 2574 602 2615 Ε
633 2572 683 2616 F.
807 2572 919 2630 ΛΕ]
955 2574 1047 2615 ΕΔ
1078 2571 1127 2616 F.
1221 2576 1320 2616 ·1s.
1355 2572 1460 2629 ΖΘ]
1503 2574 1595 2616 ΕΘ
1626 2571 1675 2616 F.

76 2634 145 2675 19.
179 2631 387 2690 ΔΕΖΘ]
420 2630 588 2733 gidus)
621 2634 815 2676 ΔΓΕΘ
845 2631 894 2676 F.
1034 2636 1104 2675 20.
1137 2630 1206 2688 τε]
1241 2645 1331 2675 om.
1363 2646 1408 2688 p.
1530 2631 1622 2675 τῶν
1654 2633 1769 2675 ἴσων

73 2703 120 2748 p,
270 2689 388 2734 εἰσιν
464 2689 516 2735 Β.
661 2691 774 2750 τῶν]
809 2705 924 2736 oorr.
957 2704 1014 2734 ex
1044 2691 1127 2734 τῶι
1158 2706 1217 2734 m.
1238 2690 1337 2734 2V.
1488 2690 1591 2748 ΕΖ]
1626 2692 1711 2733 ΖΕ
1743 2704 1768 2734 6

23 2751 29 2755 ’
76 2762 190 2794 corr.
223 2749 273 2794 F.
396 2754 466 2794 21.
503 2753 597 2806 ΒΖ,
632 2751 748 2823 ΗΘ]
784 2754 891 2807 ΒΗ,
925 2751 1011 2794 ΖΘ
1040 2749 1104 2803 V3
1139 2763 1251 2794 corr.
1285 2764 1346 2793 m.
1365 2754 1406 2794 2.
1530 2744 1656 2793 ἔστιν
1687 2749 1736 2793 Ρ.

74 2811 146 2852 23.
177 2808 261 2852 τοῦ
287 2806 342 2852 δέ
367 2834 422 2841 -
447 2824 491 2867 p.
521 2814 598 2865 92,
620 2815 667 2853 1:
698 2810 879 2868 τεμνει]
912 2824 1005 2866 mg.
1038 2824 1099 2853 m.
1127 2813 1153 2852 2
1185 2808 1228 2851 V
1267 2808 1328 2852 ad
1359 2808 1482 2853 hunc
1513 2808 1668 2853 locum
1699 2821 1768 2853 re·

76 2866 520 2973 ξῶᾈΕΖῗΕΖΘ]
559 2871 768 2925 ΔΓΕΘ,
802 2872 841 2913 Ε
871 2869 921 2912 in
954 2872 988 2912 Z
1021 2882 1135 2913 corr.
1158 2866 1205 2913 F.
1331 2872 1400 2912 24.
1437 2868 1594 2927 ΖΕΔ]
1630 2870 1776 2911 ΕΔΓ
