<?xml version="1.0" encoding="UTF-8"?>
<!DOCTYPE html PUBLIC "-//W3C//DTD XHTML 1.0 Transitional//EN"
    "http://www.w3.org/TR/xhtml1/DTD/xhtml1-transitional.dtd">
<html xmlns="http://www.w3.org/1999/xhtml" xml:lang="en" lang="en">
 <head>
  <title>
</title>
<meta http-equiv="Content-Type" content="text/html;charset=utf-8" />
  <meta name='ocr-system' content='tesseract 3.04.00' />
  <meta name='ocr-capabilities' content='ocr_page ocr_carea ocr_par ocr_line ocrx_word'/>
</head>
<body>
  <div class='ocr_page' id='page_1' title='image "./euclidisoperaomn01eucluoft_0208.png"; bbox 0 0 1956 3074; ppageno 0'>
   <div class='ocr_carea' id='block_1_1' title="bbox 74 1055 129 1094">
    <p class='ocr_par' dir='ltr' id='par_1_1' title="bbox 74 1055 129 1094">
     <span class='ocr_line' id='line_1_1' title="bbox 74 1055 129 1094; baseline 0 0"><span class='ocrx_word' id='word_1_1' title='bbox 74 1055 129 1094; x_wconf 92' lang='lat'><strong><em>10</em></strong></span> 
     </span>
    </p>
   </div>
   <div class='ocr_carea' id='block_1_2' title="bbox 76 1498 130 1538">
    <p class='ocr_par' dir='ltr' id='par_1_2' title="bbox 76 1498 130 1538">
     <span class='ocr_line' id='line_1_2' title="bbox 76 1498 130 1538; baseline 0 0"><span class='ocrx_word' id='word_1_2' title='bbox 76 1498 130 1538; x_wconf 83' lang='lat'><strong><em>15</em></strong></span> 
     </span>
    </p>
   </div>
   <div class='ocr_carea' id='block_1_3' title="bbox 72 2029 129 2069">
    <p class='ocr_par' dir='ltr' id='par_1_3' title="bbox 72 2029 129 2069">
     <span class='ocr_line' id='line_1_3' title="bbox 72 2029 129 2069; baseline 0 0"><span class='ocrx_word' id='word_1_3' title='bbox 72 2029 129 2069; x_wconf 78' lang='lat'><strong><em>20</em></strong></span> 
     </span>
    </p>
   </div>
   <div class='ocr_carea' id='block_1_4' title="bbox 72 2473 129 2513">
    <p class='ocr_par' dir='ltr' id='par_1_4' title="bbox 72 2473 129 2513">
     <span class='ocr_line' id='line_1_4' title="bbox 72 2473 129 2513; baseline 0 0"><span class='ocrx_word' id='word_1_4' title='bbox 72 2473 129 2513; x_wconf 79' lang='lat'><strong><em>25</em></strong></span> 
     </span>
    </p>
   </div>
   <div class='ocr_carea' id='block_1_5' title="bbox 167 121 1234 184">
    <p class='ocr_par' dir='ltr' id='par_1_5' title="bbox 167 121 1234 184">
     <span class='ocr_line' id='line_1_5' title="bbox 167 121 1234 184; baseline -0.007 -6"><span class='ocrx_word' id='word_1_5' title='bbox 167 126 276 180; x_wconf 84' lang='lat'><strong><em>194</em></strong></span> <span class='ocrx_word' id='word_1_6' title='bbox 805 121 1141 171; x_wconf 63' lang='lat' dir='ltr'><strong><em>mommsen</em></strong></span> <span class='ocrx_word' id='word_1_7' title='bbox 1170 123 1234 184; x_wconf 72' lang='grc' dir='ltr'><strong><em>γ’.</em></strong></span> 
     </span>
    </p>
   </div>
   <div class='ocr_carea' id='block_1_6' title="bbox 159 241 1867 1735">
    <p class='ocr_par' dir='ltr' id='par_1_6' title="bbox 162 241 1859 406">
     <span class='ocr_line' id='line_1_6' title="bbox 162 241 1859 317; baseline -0.001 -16"><span class='ocrx_word' id='word_1_8' title='bbox 162 243 302 314; x_wconf 82' lang='grc' dir='ltr'><strong><em>πρὸς</em></strong></span> <span class='ocrx_word' id='word_1_9' title='bbox 342 243 522 317; x_wconf 80' lang='grc' dir='ltr'><strong><em>ὀρθὰς</em></strong></span> <span class='ocrx_word' id='word_1_10' title='bbox 560 241 821 316; x_wconf 79' lang='grc' dir='ltr'><em>ἀχθεῖσαι</em></span> <span class='ocrx_word' id='word_1_11' title='bbox 860 247 934 299; x_wconf 73' lang='grc' dir='ltr'><strong><em>αἱ·</em></strong></span> <span class='ocrx_word' id='word_1_12' title='bbox 957 249 1086 315; x_wconf 89' lang='grc' dir='ltr'><strong><em>ΚΓ,</em></strong></span> <span class='ocrx_word' id='word_1_13' title='bbox 1130 250 1267 300; x_wconf 91' lang='grc' dir='ltr'><strong><em>ΛΜ</em></strong></span> <span class='ocrx_word' id='word_1_14' title='bbox 1296 243 1625 316; x_wconf 76' lang='grc' dir='ltr'><em>διήχθωσαν</em></span> <span class='ocrx_word' id='word_1_15' title='bbox 1666 245 1754 301; x_wconf 86' lang='grc' dir='ltr'><strong><em>ἐπὶ</em></strong></span> <span class='ocrx_word' id='word_1_16' title='bbox 1792 244 1859 300; x_wconf 81' lang='grc' dir='ltr'><strong><em>τὰ</em></strong></span> 
     </span>
     <span class='ocr_line' id='line_1_7' title="bbox 166 339 1757 406; baseline 0.003 -18"><span class='ocrx_word' id='word_1_17' title='bbox 166 341 234 404; x_wconf 88' lang='grc' dir='ltr'><strong><em>Α,</em></strong></span> <span class='ocrx_word' id='word_1_18' title='bbox 276 339 330 388; x_wconf 87' lang='grc' dir='ltr'><em>Ε</em></span> <span class='ocrx_word' id='word_1_19' title='bbox 366 343 580 406; x_wconf 80' lang='grc' dir='ltr'><strong><em>σημεῖα.</em></strong></span> <span class='ocrx_word' id='word_1_20' title='bbox 1737 379 1757 392; x_wconf 87' lang='grc'><strong>.</strong></span> 
     </span>
    </p>

    <p class='ocr_par' dir='ltr' id='par_1_7' title="bbox 159 415 1867 1541">
     <span class='ocr_line' id='line_1_8' title="bbox 271 415 1867 496; baseline -0.001 -18"><span class='ocrx_word' id='word_1_21' title='bbox 271 420 421 478; x_wconf 79' lang='grc' dir='ltr'><strong><em>Ἐπεὶ</em></strong></span> <span class='ocrx_word' id='word_1_22' title='bbox 475 415 581 478; x_wconf 74' lang='grc' dir='ltr'><strong><em>οὖν</em></strong></span> <span class='ocrx_word' id='word_1_23' title='bbox 636 424 697 478; x_wconf 89' lang='grc' dir='ltr'><strong><em>ἐν</em></strong></span> <span class='ocrx_word' id='word_1_24' title='bbox 743 421 929 496; x_wconf 78' lang='grc' dir='ltr'><strong><em>κύκλῳ</em></strong></span> <span class='ocrx_word' id='word_1_25' title='bbox 977 425 1053 494; x_wconf 80' lang='grc' dir='ltr'><strong><em>τῷ</em></strong></span> <span class='ocrx_word' id='word_1_26' title='bbox 1094 427 1268 477; x_wconf 90' lang='grc' dir='ltr'><strong><em>ΑΒΓ</em></strong></span> <span class='ocrx_word' id='word_1_27' title='bbox 1308 419 1503 478; x_wconf 79' lang='grc' dir='ltr'><strong><em>εὐθεῖά</em></strong></span> <span class='ocrx_word' id='word_1_28' title='bbox 1549 443 1633 488; x_wconf 82' lang='grc' dir='ltr'><strong><em>τις</em></strong></span> <span class='ocrx_word' id='word_1_29' title='bbox 1677 420 1712 493; x_wconf 81' lang='grc' dir='ltr'><em>ἡ</em></span> <span class='ocrx_word' id='word_1_30' title='bbox 1751 427 1867 478; x_wconf 89' lang='grc' dir='ltr'><strong><em>ΑΓ</em></strong></span> 
     </span>
     <span class='ocr_line' id='line_1_9' title="bbox 164 508 1860 583; baseline -0.001 -17"><span class='ocrx_word' id='word_1_31' title='bbox 164 509 399 567; x_wconf 79' lang='grc' dir='ltr'><strong><em>εὐθεῖάν</em></strong></span> <span class='ocrx_word' id='word_1_32' title='bbox 445 532 572 566; x_wconf 92' lang='grc' dir='ltr'><strong><em>τινα</em></strong></span> <span class='ocrx_word' id='word_1_33' title='bbox 617 509 721 581; x_wconf 82' lang='grc' dir='ltr'><strong><em>τὴν</em></strong></span> <span class='ocrx_word' id='word_1_34' title='bbox 769 516 876 565; x_wconf 84' lang='grc' dir='ltr'><strong><em>ΒΘ</em></strong></span> <span class='ocrx_word' id='word_1_35' title='bbox 923 513 1051 582; x_wconf 79' lang='grc' dir='ltr'><strong><em>δίχα</em></strong></span> <span class='ocrx_word' id='word_1_36' title='bbox 1097 510 1189 565; x_wconf 86' lang='grc' dir='ltr'><strong><em>καὶ</em></strong></span> <span class='ocrx_word' id='word_1_37' title='bbox 1236 509 1375 583; x_wconf 81' lang='grc' dir='ltr'><strong><em>πρὸς</em></strong></span> <span class='ocrx_word' id='word_1_38' title='bbox 1430 508 1611 582; x_wconf 79' lang='grc' dir='ltr'><strong><em>ὀρθὰς</em></strong></span> <span class='ocrx_word' id='word_1_39' title='bbox 1655 511 1860 582; x_wconf 82' lang='grc' dir='ltr'><strong><em>τέμνει,</em></strong></span> 
     </span>
     <span class='ocr_line' id='line_1_10' title="bbox 163 596 1860 671; baseline -0.001 -15"><span class='ocrx_word' id='word_1_40' title='bbox 163 600 251 656; x_wconf 84' lang='grc' dir='ltr'><strong><em>ἐπὶ</em></strong></span> <span class='ocrx_word' id='word_1_41' title='bbox 297 603 395 671; x_wconf 80' lang='grc' dir='ltr'><strong><em>τῆς</em></strong></span> <span class='ocrx_word' id='word_1_42' title='bbox 432 603 548 654; x_wconf 94' lang='grc' dir='ltr'><strong><em>ΑΓ</em></strong></span> <span class='ocrx_word' id='word_1_43' title='bbox 586 597 696 669; x_wconf 79' lang='grc' dir='ltr'><strong><em>ἄρα</em></strong></span> <span class='ocrx_word' id='word_1_44' title='bbox 743 598 858 654; x_wconf 87' lang='grc' dir='ltr'><strong><em>ἐστὶ</em></strong></span> <span class='ocrx_word' id='word_1_45' title='bbox 903 596 967 653; x_wconf 85' lang='grc' dir='ltr'><strong><em>τὸ</em></strong></span> <span class='ocrx_word' id='word_1_46' title='bbox 1019 599 1253 670; x_wconf 88' lang='grc' dir='ltr'><strong><em>κέντρον</em></strong></span> <span class='ocrx_word' id='word_1_47' title='bbox 1290 602 1392 655; x_wconf 86' lang='grc' dir='ltr'><strong><em>τοῦ</em></strong></span> <span class='ocrx_word' id='word_1_48' title='bbox 1432 604 1603 654; x_wconf 87' lang='grc' dir='ltr'><strong><em>ΑΒΓ</em></strong></span> <span class='ocrx_word' id='word_1_49' title='bbox 1633 597 1860 654; x_wconf 89' lang='grc' dir='ltr'><strong><em>κύκλου.</em></strong></span> 
     </span>
     <span class='ocr_line' id='line_1_11' title="bbox 160 684 1861 762; baseline -0.001 -19"><span class='ocrx_word' id='word_1_50' title='bbox 160 687 353 757; x_wconf 78' lang='grc' dir='ltr'><strong><em>πάλιν,</em></strong></span> <span class='ocrx_word' id='word_1_51' title='bbox 409 686 526 743; x_wconf 88' lang='grc' dir='ltr'><strong><em>ἐπεὶ</em></strong></span> <span class='ocrx_word' id='word_1_52' title='bbox 574 688 635 742; x_wconf 88' lang='grc' dir='ltr'><strong><em>ἐν</em></strong></span> <span class='ocrx_word' id='word_1_53' title='bbox 681 685 865 762; x_wconf 78' lang='grc' dir='ltr'><strong><em>κύκλῳ</em></strong></span> <span class='ocrx_word' id='word_1_54' title='bbox 917 689 994 762; x_wconf 77' lang='grc' dir='ltr'><strong><em>τῷ</em></strong></span> <span class='ocrx_word' id='word_1_55' title='bbox 1034 684 1183 760; x_wconf 79' lang='grc' dir='ltr'><strong><em>αὐτῷ</em></strong></span> <span class='ocrx_word' id='word_1_56' title='bbox 1224 690 1300 762; x_wconf 78' lang='grc' dir='ltr'><strong><em>τῷ</em></strong></span> <span class='ocrx_word' id='word_1_57' title='bbox 1340 692 1513 742; x_wconf 92' lang='grc' dir='ltr'><strong><em>ΑΒΓ</em></strong></span> <span class='ocrx_word' id='word_1_58' title='bbox 1543 686 1739 743; x_wconf 80' lang='grc' dir='ltr'><strong><em>εὐθεῖά</em></strong></span> <span class='ocrx_word' id='word_1_59' title='bbox 1778 709 1861 752; x_wconf 83' lang='grc' dir='ltr'><strong><em>τις</em></strong></span> 
     </span>
     <span class='ocr_line' id='line_1_12' title="bbox 164 773 1861 848; baseline 0 -17"><span class='ocrx_word' id='word_1_60' title='bbox 164 774 196 848; x_wconf 84' lang='grc' dir='ltr'><strong><em>ἡ</em></strong></span> <span class='ocrx_word' id='word_1_61' title='bbox 244 777 360 838; x_wconf 80' lang='grc' dir='ltr'><strong><em>ΝΞ</em></strong></span> <span class='ocrx_word' id='word_1_62' title='bbox 409 773 641 831; x_wconf 80' lang='grc' dir='ltr'><strong><em>εὐθεῖάν</em></strong></span> <span class='ocrx_word' id='word_1_63' title='bbox 686 797 812 831; x_wconf 89' lang='grc' dir='ltr'><strong><em>τινα</em></strong></span> <span class='ocrx_word' id='word_1_64' title='bbox 865 773 968 846; x_wconf 87' lang='grc' dir='ltr'><strong><em>τὴν</em></strong></span> <span class='ocrx_word' id='word_1_65' title='bbox 1016 780 1140 830; x_wconf 91' lang='grc' dir='ltr'><strong><em>ΒΗ</em></strong></span> <span class='ocrx_word' id='word_1_66' title='bbox 1178 777 1307 846; x_wconf 78' lang='grc' dir='ltr'><strong><em>δίχα</em></strong></span> <span class='ocrx_word' id='word_1_67' title='bbox 1353 775 1446 830; x_wconf 85' lang='grc' dir='ltr'><strong><em>καὶ</em></strong></span> <span class='ocrx_word' id='word_1_68' title='bbox 1493 774 1633 847; x_wconf 85' lang='grc' dir='ltr'><strong><em>πρὸς</em></strong></span> <span class='ocrx_word' id='word_1_69' title='bbox 1677 774 1861 848; x_wconf 83' lang='grc' dir='ltr'><strong><em>ὀρθὰς</em></strong></span> 
     </span>
     <span class='ocr_line' id='line_1_13' title="bbox 160 861 1867 936; baseline 0 -16"><span class='ocrx_word' id='word_1_70' title='bbox 160 866 370 936; x_wconf 79' lang='grc' dir='ltr'><strong><em>τέμνει,</em></strong></span> <span class='ocrx_word' id='word_1_71' title='bbox 426 863 514 920; x_wconf 85' lang='grc' dir='ltr'><strong><em>ἐπὶ</em></strong></span> <span class='ocrx_word' id='word_1_72' title='bbox 561 866 658 935; x_wconf 84' lang='grc' dir='ltr'><strong><em>τῆς</em></strong></span> <span class='ocrx_word' id='word_1_73' title='bbox 696 865 813 926; x_wconf 81' lang='grc' dir='ltr'><strong><em>ΝΞ</em></strong></span> <span class='ocrx_word' id='word_1_74' title='bbox 854 861 964 935; x_wconf 76' lang='grc' dir='ltr'><strong><em>ἄρα</em></strong></span> <span class='ocrx_word' id='word_1_75' title='bbox 1005 863 1119 918; x_wconf 84' lang='grc' dir='ltr'><strong><em>ἐστὶ</em></strong></span> <span class='ocrx_word' id='word_1_76' title='bbox 1165 861 1228 919; x_wconf 87' lang='grc' dir='ltr'><strong><em>τὸ</em></strong></span> <span class='ocrx_word' id='word_1_77' title='bbox 1277 864 1512 936; x_wconf 81' lang='grc' dir='ltr'><strong><em>κέντρον</em></strong></span> <span class='ocrx_word' id='word_1_78' title='bbox 1549 867 1653 920; x_wconf 83' lang='grc' dir='ltr'><strong><em>τοῦ</em></strong></span> <span class='ocrx_word' id='word_1_79' title='bbox 1692 869 1867 920; x_wconf 90' lang='grc' dir='ltr'><strong><em>ΑΒΓ</em></strong></span> 
     </span>
     <span class='ocr_line' id='line_1_14' title="bbox 160 950 1860 1025; baseline 0.001 -17"><span class='ocrx_word' id='word_1_80' title='bbox 160 953 385 1009; x_wconf 89' lang='grc' dir='ltr'><strong><em>κύκλου.</em></strong></span> <span class='ocrx_word' id='word_1_81' title='bbox 465 954 690 1025; x_wconf 79' lang='grc' dir='ltr'><strong><em>ἐδείχθη</em></strong></span> <span class='ocrx_word' id='word_1_82' title='bbox 732 952 794 1008; x_wconf 76' lang='grc' dir='ltr'><strong><em>δὲ</em></strong></span> <span class='ocrx_word' id='word_1_83' title='bbox 832 953 925 1008; x_wconf 86' lang='grc' dir='ltr'><strong><em>καὶ</em></strong></span> <span class='ocrx_word' id='word_1_84' title='bbox 965 952 1053 1009; x_wconf 85' lang='grc' dir='ltr'><strong><em>ἐπὶ</em></strong></span> <span class='ocrx_word' id='word_1_85' title='bbox 1094 957 1192 1025; x_wconf 85' lang='grc' dir='ltr'><strong><em>τῆς</em></strong></span> <span class='ocrx_word' id='word_1_86' title='bbox 1230 957 1354 1022; x_wconf 90' lang='grc' dir='ltr'><strong><em>ΑΓ,</em></strong></span> <span class='ocrx_word' id='word_1_87' title='bbox 1393 953 1486 1008; x_wconf 88' lang='grc' dir='ltr'><strong><em>καὶ</em></strong></span> <span class='ocrx_word' id='word_1_88' title='bbox 1524 951 1645 1008; x_wconf 86' lang='grc' dir='ltr'><strong><em>κατ’</em></strong></span> <span class='ocrx_word' id='word_1_89' title='bbox 1690 950 1860 1009; x_wconf 79' lang='grc' dir='ltr'><strong><em>οὐδὲν</em></strong></span> 
     </span>
     <span class='ocr_line' id='line_1_15' title="bbox 162 1039 1856 1113; baseline 0.001 -16"><span class='ocrx_word' id='word_1_90' title='bbox 162 1040 582 1113; x_wconf 79' lang='grc' dir='ltr'><strong><em>συμβάλλουσιν</em></strong></span> <span class='ocrx_word' id='word_1_91' title='bbox 622 1043 685 1096; x_wconf 79' lang='grc' dir='ltr'><strong><em>αἰ</em></strong></span> <span class='ocrx_word' id='word_1_92' title='bbox 722 1046 859 1113; x_wconf 53' lang='grc' dir='ltr'><strong><em>ΑΓ,Β</em></strong></span> <span class='ocrx_word' id='word_1_93' title='bbox 886 1047 949 1096; x_wconf 94' lang='grc' dir='ltr'><em>Ν</em></span> <span class='ocrx_word' id='word_1_94' title='bbox 952 1044 1002 1103; x_wconf 81' lang='grc' dir='ltr'><em>Ξ</em></span> <span class='ocrx_word' id='word_1_95' title='bbox 1036 1039 1256 1097; x_wconf 83' lang='grc' dir='ltr'><strong><em>εὐθεῖαι</em></strong></span> <span class='ocrx_word' id='word_1_96' title='bbox 1294 1039 1328 1112; x_wconf 81' lang='grc' dir='ltr'><em>ἢ</em></span> <span class='ocrx_word' id='word_1_97' title='bbox 1370 1039 1507 1096; x_wconf 83' lang='grc' dir='ltr'><strong><em>κατὰ</em></strong></span> <span class='ocrx_word' id='word_1_98' title='bbox 1546 1040 1610 1097; x_wconf 88' lang='grc' dir='ltr'><strong><em>τὸ</em></strong></span> <span class='ocrx_word' id='word_1_99' title='bbox 1654 1047 1730 1097; x_wconf 92' lang='grc' dir='ltr'><strong><em>Ο·</em></strong></span> <span class='ocrx_word' id='word_1_100' title='bbox 1793 1041 1856 1098; x_wconf 89' lang='grc' dir='ltr'><strong><em>τὸ</em></strong></span> 
     </span>
     <span class='ocr_line' id='line_1_16' title="bbox 165 1127 1861 1203; baseline -0.001 -17"><span class='ocrx_word' id='word_1_101' title='bbox 165 1136 212 1186; x_wconf 92' lang='grc' dir='ltr'><em>Ο</em></span> <span class='ocrx_word' id='word_1_102' title='bbox 250 1129 360 1203; x_wconf 76' lang='grc' dir='ltr'><strong><em>ἄρα</em></strong></span> <span class='ocrx_word' id='word_1_103' title='bbox 400 1141 632 1203; x_wconf 86' lang='grc' dir='ltr'><strong><em>σημεῖον</em></strong></span> <span class='ocrx_word' id='word_1_104' title='bbox 662 1131 896 1202; x_wconf 80' lang='grc' dir='ltr'><strong><em>κέντρον</em></strong></span> <span class='ocrx_word' id='word_1_105' title='bbox 929 1131 1042 1186; x_wconf 88' lang='grc' dir='ltr'><strong><em>ἐστὶ</em></strong></span> <span class='ocrx_word' id='word_1_106' title='bbox 1073 1134 1175 1187; x_wconf 83' lang='grc' dir='ltr'><strong><em>τοῦ</em></strong></span> <span class='ocrx_word' id='word_1_107' title='bbox 1200 1137 1308 1186; x_wconf 90' lang='grc' dir='ltr'><strong><em>ΑΒ</em></strong></span> <span class='ocrx_word' id='word_1_108' title='bbox 1320 1130 1610 1187; x_wconf 90' lang='grc' dir='ltr'><strong><em>Γκύκλου.</em></strong></span> <span class='ocrx_word' id='word_1_109' title='bbox 1651 1127 1861 1202; x_wconf 82' lang='grc' dir='ltr'><strong><em>ὁμοίως</em></strong></span> 
     </span>
     <span class='ocr_line' id='line_1_17' title="bbox 162 1217 1858 1292; baseline -0.002 -16"><span class='ocrx_word' id='word_1_110' title='bbox 162 1219 232 1292; x_wconf 80' lang='grc' dir='ltr'><strong><em>δὴ</em></strong></span> <span class='ocrx_word' id='word_1_111' title='bbox 280 1221 559 1291; x_wconf 77' lang='grc' dir='ltr'><strong><em>δείξομεν,</em></strong></span> <span class='ocrx_word' id='word_1_112' title='bbox 612 1217 697 1275; x_wconf 80' lang='grc' dir='ltr'><strong><em>ὅτι</em></strong></span> <span class='ocrx_word' id='word_1_113' title='bbox 740 1219 833 1274; x_wconf 90' lang='grc' dir='ltr'><strong><em>καὶ</em></strong></span> <span class='ocrx_word' id='word_1_114' title='bbox 871 1222 972 1274; x_wconf 89' lang='grc' dir='ltr'><strong><em>τοῦ</em></strong></span> <span class='ocrx_word' id='word_1_115' title='bbox 1014 1225 1181 1275; x_wconf 87' lang='grc' dir='ltr'><strong><em>ΔΕΖ</em></strong></span> <span class='ocrx_word' id='word_1_116' title='bbox 1219 1219 1431 1275; x_wconf 88' lang='grc' dir='ltr'><strong><em>κύκλου</em></strong></span> <span class='ocrx_word' id='word_1_117' title='bbox 1469 1220 1702 1290; x_wconf 81' lang='grc' dir='ltr'><strong><em>κέντρον</em></strong></span> <span class='ocrx_word' id='word_1_118' title='bbox 1743 1217 1858 1273; x_wconf 85' lang='grc' dir='ltr'><strong><em>ἐστὶ</em></strong></span> 
     </span>
     <span class='ocr_line' id='line_1_18' title="bbox 159 1304 1855 1380; baseline -0.001 -17"><span class='ocrx_word' id='word_1_119' title='bbox 159 1306 223 1363; x_wconf 87' lang='grc' dir='ltr'><strong><em>τὸ</em></strong></span> <span class='ocrx_word' id='word_1_120' title='bbox 276 1313 351 1362; x_wconf 91' lang='grc' dir='ltr'><strong><em>Ο·</em></strong></span> <span class='ocrx_word' id='word_1_121' title='bbox 424 1306 528 1363; x_wconf 84' lang='grc' dir='ltr'><strong><em>δύο</em></strong></span> <span class='ocrx_word' id='word_1_122' title='bbox 587 1306 695 1380; x_wconf 74' lang='grc' dir='ltr'><strong><em>ἄρα</em></strong></span> <span class='ocrx_word' id='word_1_123' title='bbox 760 1305 982 1363; x_wconf 89' lang='grc' dir='ltr'><strong><em>κύκλων</em></strong></span> <span class='ocrx_word' id='word_1_124' title='bbox 1036 1306 1358 1379; x_wconf 82' lang='grc' dir='ltr'><strong><em>τεμνόντων</em></strong></span> <span class='ocrx_word' id='word_1_125' title='bbox 1413 1304 1689 1379; x_wconf 80' lang='grc' dir='ltr'><strong><em>ἀλλήλους</em></strong></span> <span class='ocrx_word' id='word_1_126' title='bbox 1743 1309 1855 1362; x_wconf 81' lang='grc' dir='ltr'><strong><em>τῶν</em></strong></span> 
     </span>
     <span class='ocr_line' id='line_1_19' title="bbox 160 1393 1859 1468; baseline -0.002 -15"><span class='ocrx_word' id='word_1_127' title='bbox 160 1401 345 1466; x_wconf 91' lang='grc' dir='ltr'><em>ΑΒΓ,</em></span> <span class='ocrx_word' id='word_1_128' title='bbox 389 1402 557 1451; x_wconf 91' lang='grc' dir='ltr'><strong><em>ΔΕΖ</em></strong></span> <span class='ocrx_word' id='word_1_129' title='bbox 596 1394 659 1452; x_wconf 87' lang='grc' dir='ltr'><strong><em>τὸ</em></strong></span> <span class='ocrx_word' id='word_1_130' title='bbox 701 1393 840 1452; x_wconf 80' lang='grc' dir='ltr'><strong><em>αὐτό</em></strong></span> <span class='ocrx_word' id='word_1_131' title='bbox 880 1397 994 1451; x_wconf 88' lang='grc' dir='ltr'><strong><em>ἐστι</em></strong></span> <span class='ocrx_word' id='word_1_132' title='bbox 1032 1396 1266 1468; x_wconf 85' lang='grc' dir='ltr'><strong><em>κέντρον</em></strong></span> <span class='ocrx_word' id='word_1_133' title='bbox 1311 1394 1374 1451; x_wconf 84' lang='grc' dir='ltr'><strong><em>τὸ</em></strong></span> <span class='ocrx_word' id='word_1_134' title='bbox 1419 1400 1494 1450; x_wconf 92' lang='grc' dir='ltr'><strong><em>Ο·</em></strong></span> <span class='ocrx_word' id='word_1_135' title='bbox 1535 1393 1670 1467; x_wconf 81' lang='grc' dir='ltr'><strong><em>ὅπερ</em></strong></span> <span class='ocrx_word' id='word_1_136' title='bbox 1708 1395 1859 1451; x_wconf 86' lang='grc' dir='ltr'><strong><em>ἐστὶν</em></strong></span> 
     </span>
     <span class='ocr_line' id='line_1_20' title="bbox 164 1483 468 1541; baseline -0.003 0"><span class='ocrx_word' id='word_1_137' title='bbox 164 1483 468 1541; x_wconf 76' lang='grc' dir='ltr'><strong><em>ἀδύνατον.</em></strong></span> 
     </span>
    </p>

    <p class='ocr_par' dir='ltr' id='par_1_8' title="bbox 161 1571 1860 1735">
     <span class='ocr_line' id='line_1_21' title="bbox 278 1571 1860 1645; baseline -0.001 -16"><span class='ocrx_word' id='word_1_138' title='bbox 278 1572 398 1629; x_wconf 83' lang='grc' dir='ltr'><strong><em>Οὐκ</em></strong></span> <span class='ocrx_word' id='word_1_139' title='bbox 445 1572 556 1645; x_wconf 75' lang='grc' dir='ltr'><strong><em>ἄρα</em></strong></span> <span class='ocrx_word' id='word_1_140' title='bbox 604 1571 808 1638; x_wconf 80' lang='grc' dir='ltr'><strong><em>κύκλος</em></strong></span> <span class='ocrx_word' id='word_1_141' title='bbox 845 1573 1054 1630; x_wconf 88' lang='grc' dir='ltr'><strong><em>κύκλον</em></strong></span> <span class='ocrx_word' id='word_1_142' title='bbox 1093 1573 1277 1644; x_wconf 89' lang='grc' dir='ltr'><strong><em>τέμνει</em></strong></span> <span class='ocrx_word' id='word_1_143' title='bbox 1315 1571 1452 1628; x_wconf 81' lang='grc' dir='ltr'><strong><em>κατὰ</em></strong></span> <span class='ocrx_word' id='word_1_144' title='bbox 1494 1575 1726 1628; x_wconf 85' lang='grc' dir='ltr'><strong><em>πλείονα</em></strong></span> <span class='ocrx_word' id='word_1_145' title='bbox 1766 1589 1860 1643; x_wconf 89' lang='grc' dir='ltr'><strong><em>ση-</em></strong></span> 
     </span>
     <span class='ocr_line' id='line_1_22' title="bbox 161 1658 1107 1735; baseline -0.003 -15"><span class='ocrx_word' id='word_1_146' title='bbox 161 1673 289 1735; x_wconf 85' lang='grc' dir='ltr'><strong><em>μεῖα</em></strong></span> <span class='ocrx_word' id='word_1_147' title='bbox 328 1658 362 1734; x_wconf 86' lang='grc' dir='ltr'><em>ἢ</em></span> <span class='ocrx_word' id='word_1_148' title='bbox 408 1661 544 1720; x_wconf 80' lang='grc' dir='ltr'><strong><em>δύο·</em></strong></span> <span class='ocrx_word' id='word_1_149' title='bbox 586 1658 723 1732; x_wconf 82' lang='grc' dir='ltr'><strong><em>ὅπερ</em></strong></span> <span class='ocrx_word' id='word_1_150' title='bbox 763 1665 876 1717; x_wconf 81' lang='grc' dir='ltr'><strong><em>ἔδει</em></strong></span> <span class='ocrx_word' id='word_1_151' title='bbox 917 1662 1107 1728; x_wconf 78' lang='grc' dir='ltr'><strong><em>δεῖξαι.</em></strong></span> 
     </span>
    </p>
   </div>
   <div class='ocr_carea' id='block_1_7' title="bbox 158 1846 1859 2532">
    <p class='ocr_par' dir='ltr' id='par_1_9' title="bbox 967 1846 1069 1880">
     <span class='ocr_line' id='line_1_23' title="bbox 967 1846 1069 1880; baseline 0.02 -2"><span class='ocrx_word' id='word_1_152' title='bbox 967 1846 1069 1880; x_wconf 92' lang='grc' dir='ltr'><strong><em>ια.</em></strong></span> 
     </span>
    </p>

    <p class='ocr_par' dir='ltr' id='par_1_10' title="bbox 158 1924 1859 2341">
     <span class='ocr_line' id='line_1_24' title="bbox 271 1924 1858 1998; baseline -0.002 -13"><span class='ocrx_word' id='word_1_153' title='bbox 271 1926 418 1985; x_wconf 82' lang='grc' dir='ltr'><strong><em>Ἐὰν</em></strong></span> <span class='ocrx_word' id='word_1_154' title='bbox 474 1928 598 1986; x_wconf 78' lang='grc' dir='ltr'><strong><em>δύο</em></strong></span> <span class='ocrx_word' id='word_1_155' title='bbox 647 1927 879 1984; x_wconf 89' lang='grc' dir='ltr'><strong><em>κύκλοι</em></strong></span> <span class='ocrx_word' id='word_1_156' title='bbox 934 1927 1355 1998; x_wconf 81' lang='grc' dir='ltr'><strong><em>ἐφάπτωνται</em></strong></span> <span class='ocrx_word' id='word_1_157' title='bbox 1403 1924 1706 1998; x_wconf 81' lang='grc' dir='ltr'><strong><em>ἀλλήλων</em></strong></span> <span class='ocrx_word' id='word_1_158' title='bbox 1758 1929 1858 1983; x_wconf 89' lang='grc' dir='ltr'><strong><em>ἐν-</em></strong></span> 
     </span>
     <span class='ocr_line' id='line_1_25' title="bbox 159 2012 1857 2090; baseline -0.002 -16"><span class='ocrx_word' id='word_1_159' title='bbox 159 2018 294 2088; x_wconf 81' lang='grc' dir='ltr'><strong><em>τός,</em></strong></span> <span class='ocrx_word' id='word_1_160' title='bbox 350 2018 464 2074; x_wconf 86' lang='grc' dir='ltr'><strong><em>καὶ</em></strong></span> <span class='ocrx_word' id='word_1_161' title='bbox 527 2020 753 2090; x_wconf 82' lang='grc' dir='ltr'><strong><em>ληφθῇ</em></strong></span> <span class='ocrx_word' id='word_1_162' title='bbox 819 2014 1035 2072; x_wconf 77' lang='grc' dir='ltr'><strong><em>αὐτῶν</em></strong></span> <span class='ocrx_word' id='word_1_163' title='bbox 1081 2013 1155 2071; x_wconf 79' lang='grc' dir='ltr'><strong><em>τὰ</em></strong></span> <span class='ocrx_word' id='word_1_164' title='bbox 1213 2016 1475 2089; x_wconf 86' lang='grc' dir='ltr'><strong><em>κέντρα,</em></strong></span> <span class='ocrx_word' id='word_1_165' title='bbox 1539 2012 1574 2087; x_wconf 83' lang='grc' dir='ltr'><em>ἡ</em></span> <span class='ocrx_word' id='word_1_166' title='bbox 1627 2016 1727 2072; x_wconf 81' lang='grc' dir='ltr'><strong><em>ἐπὶ</em></strong></span> <span class='ocrx_word' id='word_1_167' title='bbox 1783 2014 1857 2071; x_wconf 80' lang='grc' dir='ltr'><strong><em>τὰ</em></strong></span> 
     </span>
     <span class='ocr_line' id='line_1_26' title="bbox 158 2101 1859 2179; baseline -0.002 -17"><span class='ocrx_word' id='word_1_168' title='bbox 158 2108 401 2179; x_wconf 87' lang='grc' dir='ltr'><strong><em>κέντρα</em></strong></span> <span class='ocrx_word' id='word_1_169' title='bbox 452 2103 669 2162; x_wconf 79' lang='grc' dir='ltr'><strong><em>αὐτῶν</em></strong></span> <span class='ocrx_word' id='word_1_170' title='bbox 725 2105 1240 2175; x_wconf 81' lang='grc' dir='ltr'><strong><em>ἐπιζευγνυμένη</em></strong></span> <span class='ocrx_word' id='word_1_171' title='bbox 1296 2101 1529 2159; x_wconf 82' lang='grc' dir='ltr'><strong><em>εὐθεῖα</em></strong></span> <span class='ocrx_word' id='word_1_172' title='bbox 1590 2104 1696 2158; x_wconf 85' lang='grc' dir='ltr'><strong><em>καὶ</em></strong></span> <span class='ocrx_word' id='word_1_173' title='bbox 1762 2105 1859 2159; x_wconf 85' lang='grc' dir='ltr'><strong><em>ἐκ-</em></strong></span> 
     </span>
     <span class='ocr_line' id='line_1_27' title="bbox 159 2190 1858 2267; baseline -0.002 -16"><span class='ocrx_word' id='word_1_174' title='bbox 159 2195 537 2267; x_wconf 87' lang='grc' dir='ltr'><strong><em>βαλλομένη</em></strong></span> <span class='ocrx_word' id='word_1_175' title='bbox 586 2194 688 2251; x_wconf 83' lang='grc' dir='ltr'><strong><em>ἐπὶ</em></strong></span> <span class='ocrx_word' id='word_1_176' title='bbox 735 2191 853 2265; x_wconf 85' lang='grc' dir='ltr'><strong><em>τὴν</em></strong></span> <span class='ocrx_word' id='word_1_177' title='bbox 902 2190 1208 2264; x_wconf 86' lang='grc' dir='ltr'><strong><em>συναφὴν</em></strong></span> <span class='ocrx_word' id='word_1_178' title='bbox 1247 2203 1543 2248; x_wconf 83' lang='grc' dir='ltr'><strong><em>πεσεῖται</em></strong></span> <span class='ocrx_word' id='word_1_179' title='bbox 1581 2195 1710 2248; x_wconf 76' lang='grc' dir='ltr'><strong><em>τῶν</em></strong></span> <span class='ocrx_word' id='word_1_180' title='bbox 1748 2191 1858 2248; x_wconf 88' lang='grc' dir='ltr'><strong><em>κύ-</em></strong></span> 
     </span>
     <span class='ocr_line' id='line_1_28' title="bbox 158 2290 347 2341; baseline 0 0"><span class='ocrx_word' id='word_1_181' title='bbox 158 2290 347 2341; x_wconf 88' lang='grc' dir='ltr'><strong><em>κλων.</em></strong></span> 
     </span>
    </p>

    <p class='ocr_par' dir='ltr' id='par_1_11' title="bbox 163 2369 1956 2533">
     <span class='ocr_line' id='line_1_29' title="bbox 280 2369 1859 2444; baseline -0.002 -16"><span class='ocrx_word' id='word_1_182' title='bbox 280 2371 405 2428; x_wconf 88' lang='grc' dir='ltr'><strong><em>Δύο</em></strong></span> <span class='ocrx_word' id='word_1_183' title='bbox 446 2369 553 2444; x_wconf 77' lang='grc' dir='ltr'><strong><em>γὰρ</em></strong></span> <span class='ocrx_word' id='word_1_184' title='bbox 604 2370 800 2427; x_wconf 84' lang='grc' dir='ltr'><strong><em>κύκλοι</em></strong></span> <span class='ocrx_word' id='word_1_185' title='bbox 855 2373 913 2427; x_wconf 79' lang='grc' dir='ltr'><strong><em>οἱ</em></strong></span> <span class='ocrx_word' id='word_1_186' title='bbox 949 2375 1139 2441; x_wconf 87' lang='grc' dir='ltr'><strong><em>ΑΒΓ,</em></strong></span> <span class='ocrx_word' id='word_1_187' title='bbox 1196 2376 1374 2427; x_wconf 89' lang='grc' dir='ltr'><strong><em>ΑΔΕ</em></strong></span> <span class='ocrx_word' id='word_1_188' title='bbox 1418 2370 1859 2441; x_wconf 83' lang='grc' dir='ltr'><strong><em>ἐφαπτέσθωσαν</em></strong></span> 
     </span>
     <span class='ocr_line' id='line_1_30' title="bbox 163 2457 1859 2532; baseline -0.001 -16"><span class='ocrx_word' id='word_1_189' title='bbox 163 2459 425 2532; x_wconf 80' lang='grc' dir='ltr'><strong><em>ἀλλήλων</em></strong></span> <span class='ocrx_word' id='word_1_190' title='bbox 466 2459 623 2527; x_wconf 81' lang='grc' dir='ltr'><strong><em>ἐντὸς</em></strong></span> <span class='ocrx_word' id='word_1_191' title='bbox 660 2459 798 2516; x_wconf 81' lang='grc' dir='ltr'><strong><em>κατὰ</em></strong></span> <span class='ocrx_word' id='word_1_192' title='bbox 838 2458 899 2516; x_wconf 91' lang='grc' dir='ltr'><strong><em>τὸ</em></strong></span> <span class='ocrx_word' id='word_1_193' title='bbox 943 2467 994 2515; x_wconf 92' lang='grc' dir='ltr'><em>Α</em></span> <span class='ocrx_word' id='word_1_194' title='bbox 1033 2471 1290 2532; x_wconf 86' lang='grc' dir='ltr'><strong><em>σημεῖον,</em></strong></span> <span class='ocrx_word' id='word_1_195' title='bbox 1330 2459 1422 2514; x_wconf 88' lang='grc' dir='ltr'><strong><em>καὶ</em></strong></span> <span class='ocrx_word' id='word_1_196' title='bbox 1462 2457 1718 2530; x_wconf 80' lang='grc' dir='ltr'><strong><em>εἰλήφθω</em></strong></span> <span class='ocrx_word' id='word_1_197' title='bbox 1757 2461 1859 2514; x_wconf 83' lang='grc' dir='ltr'><strong><em>τοῦ</em></strong></span> 
     </span>
    </p>
   </div>
   <div class='ocr_carea' id='block_1_8' title="bbox 162 2620 1953 2813">
    <p class='ocr_par' dir='ltr' id='par_1_12' title="bbox 162 2583 1956 2813">
     <span class='ocr_line' id='line_1_31' title="bbox 287 2620 1859 2682; baseline -0.002 -14"><span class='ocrx_word' id='word_1_198' title='bbox 287 2631 324 2669; x_wconf 94' lang='grc'><strong><em>1.</em></strong></span> <span class='ocrx_word' id='word_1_199' title='bbox 358 2627 474 2682; x_wconf 89' lang='grc' dir='ltr'><strong><em>ΚΓ,</em></strong></span> <span class='ocrx_word' id='word_1_200' title='bbox 506 2624 637 2682; x_wconf 89' lang='grc' dir='ltr'><strong><em>ΛΜ]</em></strong></span> <span class='ocrx_word' id='word_1_201' title='bbox 670 2622 764 2669; x_wconf 77' lang='lat' dir='ltr'><strong>litt.</strong></span> <span class='ocrx_word' id='word_1_202' title='bbox 799 2625 853 2679; x_wconf 92' lang='grc' dir='ltr'><strong><em>Γ,</em></strong></span> <span class='ocrx_word' id='word_1_203' title='bbox 884 2627 923 2667; x_wconf 89' lang='grc' dir='ltr'><em>Λ</em></span> <span class='ocrx_word' id='word_1_204' title='bbox 955 2621 1006 2666; x_wconf 87' lang='lat' dir='ltr'><strong><em>in</em></strong></span> <span class='ocrx_word' id='word_1_205' title='bbox 1036 2635 1124 2666; x_wconf 84' lang='lat' dir='ltr'><strong>ras.</strong></span> <span class='ocrx_word' id='word_1_206' title='bbox 1157 2637 1218 2666; x_wconf 90' lang='lat' dir='ltr'><strong><em>m.</em></strong></span> <span class='ocrx_word' id='word_1_207' title='bbox 1245 2626 1271 2665; x_wconf 82' lang='grc'><strong>2</strong></span> <span class='ocrx_word' id='word_1_208' title='bbox 1303 2621 1364 2675; x_wconf 82' lang='lat' dir='ltr'><strong><em>F;</em></strong></span> <span class='ocrx_word' id='word_1_209' title='bbox 1415 2625 1523 2678; x_wconf 80' lang='grc' dir='ltr'><strong><em>ΚΛ,</em></strong></span> <span class='ocrx_word' id='word_1_210' title='bbox 1558 2623 1665 2666; x_wconf 92' lang='grc' dir='ltr'><strong><em>ΓΜ</em></strong></span> <span class='ocrx_word' id='word_1_211' title='bbox 1690 2620 1746 2676; x_wconf 88' lang='lat' dir='ltr'><strong><em>V,</em></strong></span> <span class='ocrx_word' id='word_1_212' title='bbox 1779 2620 1859 2665; x_wconf 82' lang='lat' dir='ltr'><strong><em>sed</em></strong></span> 
     </span>
     <span class='ocr_line' id='line_1_32' title="bbox 162 2679 1953 2742; baseline -0.003 -13"><span class='ocrx_word' id='word_1_213' title='bbox 162 2698 280 2729; x_wconf 84' lang='lat' dir='ltr'>corr.</span> <span class='ocrx_word' id='word_1_214' title='bbox 313 2699 373 2728; x_wconf 91' lang='lat' dir='ltr'><strong><em>m.</em></strong></span> <span class='ocrx_word' id='word_1_215' title='bbox 404 2690 440 2728; x_wconf 90' lang='lat'><strong><em>1.</em></strong></span> <span class='ocrx_word' id='word_1_216' title='bbox 594 2688 636 2728; x_wconf 79' lang='lat'><strong><em>2.</em></strong></span> <span class='ocrx_word' id='word_1_217' title='bbox 684 2687 747 2741; x_wconf 88' lang='lat' dir='ltr'><strong><em>A,</em></strong></span> <span class='ocrx_word' id='word_1_218' title='bbox 780 2683 838 2742; x_wconf 89' lang='grc' dir='ltr'><strong><em>Ε]</em></strong></span> <span class='ocrx_word' id='word_1_219' title='bbox 872 2682 922 2726; x_wconf 91' lang='lat' dir='ltr'><strong><em>in</em></strong></span> <span class='ocrx_word' id='word_1_220' title='bbox 952 2696 1040 2726; x_wconf 82' lang='lat' dir='ltr'>ras.</span> <span class='ocrx_word' id='word_1_221' title='bbox 1073 2696 1125 2739; x_wconf 80' lang='lat' dir='ltr'><strong><em>p3</em></strong></span> <span class='ocrx_word' id='word_1_222' title='bbox 1157 2683 1271 2736; x_wconf 85' lang='grc' dir='ltr'><strong><em>ΛΕ,</em></strong></span> <span class='ocrx_word' id='word_1_223' title='bbox 1307 2683 1396 2724; x_wconf 87' lang='lat' dir='ltr'><strong><em>HA</em></strong></span> <span class='ocrx_word' id='word_1_224' title='bbox 1429 2681 1480 2725; x_wconf 90' lang='lat' dir='ltr'><strong><em>P.</em></strong></span> <span class='ocrx_word' id='word_1_225' title='bbox 1638 2685 1679 2724; x_wconf 86' lang='lat'><strong><em>3.</em></strong></span> <span class='ocrx_word' id='word_1_226' title='bbox 1712 2679 1799 2740; x_wconf 81' lang='grc' dir='ltr'><strong><em>τῷ]</em></strong></span> <span class='ocrx_word' id='word_1_227' title='bbox 1833 2693 1858 2724; x_wconf 85' lang='lat' dir='ltr'>e</span> <span class='ocrx_word' id='word_1_228' title='bbox 1944 2689 1953 2740; x_wconf 62' lang='lat' dir='ltr'>f</span> 
     </span>
     <span class='ocr_line' id='line_1_33' title="bbox 162 2737 1949 2813; baseline -0.003 -25"><span class='ocrx_word' id='word_1_229' title='bbox 162 2757 279 2788; x_wconf 83' lang='lat' dir='ltr'><strong>corr.</strong></span> <span class='ocrx_word' id='word_1_230' title='bbox 312 2743 354 2788; x_wconf 91' lang='lat' dir='ltr'><strong>V</strong></span> <span class='ocrx_word' id='word_1_231' title='bbox 387 2758 446 2787; x_wconf 91' lang='lat' dir='ltr'><strong><em>m.</em></strong></span> <span class='ocrx_word' id='word_1_232' title='bbox 474 2749 514 2787; x_wconf 85' lang='lat'><strong><em>2.</em></strong></span> <span class='ocrx_word' id='word_1_233' title='bbox 659 2747 702 2787; x_wconf 81' lang='lat'><strong><em>4.</em></strong></span> <span class='ocrx_word' id='word_1_234' title='bbox 736 2743 846 2813; x_wconf 57' lang='grc' dir='ltr'><strong><em>(ξίχα</em></strong></span> <span class='ocrx_word' id='word_1_235' title='bbox 876 2757 926 2786; x_wconf 86' lang='grc' dir='ltr'><strong><em>τε</em></strong></span> <span class='ocrx_word' id='word_1_236' title='bbox 958 2740 1100 2798; x_wconf 86' lang='lat' dir='ltr'><strong>BVp.</strong></span> <span class='ocrx_word' id='word_1_237' title='bbox 1232 2740 1339 2798; x_wconf 74' lang='grc' dir='ltr'><strong><em>καί]</em></strong></span> <span class='ocrx_word' id='word_1_238' title='bbox 1373 2753 1512 2797; x_wconf 83' lang='lat' dir='ltr'>supra</span> <span class='ocrx_word' id='word_1_239' title='bbox 1541 2753 1602 2783; x_wconf 86' lang='lat' dir='ltr'><strong><em>m.</em></strong></span> <span class='ocrx_word' id='word_1_240' title='bbox 1628 2744 1654 2783; x_wconf 83' lang='lat'><strong>2</strong></span> <span class='ocrx_word' id='word_1_241' title='bbox 1686 2737 1736 2783; x_wconf 77' lang='lat' dir='ltr'><strong><em>F.</em></strong></span> <span class='ocrx_word' id='word_1_242' title='bbox 1944 2758 1949 2763; x_wconf 87' lang='lat'><em>·</em></span> 
     </span>
    </p>
   </div>
   <div class='ocr_carea' id='block_1_9' title="bbox 163 2793 1956 2873">
    <p class='ocr_par' dir='ltr' id='par_1_13' title="bbox 163 2793 1956 2873">
     <span class='ocr_line' id='line_1_34' title="bbox 163 2793 1956 2873; baseline -0.003 -25"><span class='ocrx_word' id='word_1_243' title='bbox 163 2808 202 2847; x_wconf 81' lang='lat'><strong><em>7.</em></strong></span> <span class='ocrx_word' id='word_1_244' title='bbox 238 2804 348 2873; x_wconf 68' lang='grc' dir='ltr'><strong><em>δίχα</em></strong></span> <span class='ocrx_word' id='word_1_245' title='bbox 379 2802 541 2860; x_wconf 87' lang='grc' dir='ltr'><strong><em>τέμνει</em></strong></span> <span class='ocrx_word' id='word_1_246' title='bbox 571 2800 652 2846; x_wconf 72' lang='grc' dir='ltr'><strong><em>καὶ</em></strong></span> <span class='ocrx_word' id='word_1_247' title='bbox 684 2817 802 2858; x_wconf 88' lang='grc' dir='ltr'><strong><em>προς</em></strong></span> <span class='ocrx_word' id='word_1_248' title='bbox 833 2796 985 2856; x_wconf 78' lang='grc' dir='ltr'><strong><em>ὀρθὰς</em></strong></span> <span class='ocrx_word' id='word_1_249' title='bbox 1014 2815 1061 2857; x_wconf 90' lang='lat' dir='ltr'><strong><em>p.</em></strong></span> <span class='ocrx_word' id='word_1_250' title='bbox 1181 2799 1306 2844; x_wconf 71' lang='lat' dir='ltr'><strong>Ante</strong></span> <span class='ocrx_word' id='word_1_251' title='bbox 1338 2793 1490 2855; x_wconf 79' lang='grc' dir='ltr'><strong><em>ὀρθάς</em></strong></span> <span class='ocrx_word' id='word_1_252' title='bbox 1519 2813 1606 2844; x_wconf 78' lang='lat' dir='ltr'>ras.</span> <span class='ocrx_word' id='word_1_253' title='bbox 1643 2803 1665 2842; x_wconf 88' lang='lat'>1</span> <span class='ocrx_word' id='word_1_254' title='bbox 1690 2796 1784 2843; x_wconf 79' lang='lat' dir='ltr'><strong>litt.</strong></span> <span class='ocrx_word' id='word_1_255' title='bbox 1800 2797 1857 2843; x_wconf 88' lang='lat' dir='ltr'><strong><em>V.</em></strong></span> <span class='ocrx_word' id='word_1_256' title='bbox 1948 2849 1956 2857; x_wconf 49' lang='lat'>‚</span> 
     </span>
    </p>
   </div>
   <div class='ocr_carea' id='block_1_10' title="bbox 162 2857 1854 2981">
    <p class='ocr_par' dir='ltr' id='par_1_14' title="bbox 162 2857 1854 2981">
     <span class='ocr_line' id='line_1_35' title="bbox 223 2857 1854 2930; baseline -0.004 -23"><span class='ocrx_word' id='word_1_257' title='bbox 223 2867 263 2907; x_wconf 89' lang='lat'><strong><em>8.</em></strong></span> <span class='ocrx_word' id='word_1_258' title='bbox 297 2878 351 2906; x_wconf 92' lang='grc' dir='ltr'><strong><em>το</em></strong></span> <span class='ocrx_word' id='word_1_259' title='bbox 384 2862 581 2917; x_wconf 84' lang='grc' dir='ltr'><strong><em>κέντρον</em></strong></span> <span class='ocrx_word' id='word_1_260' title='bbox 615 2857 716 2906; x_wconf 79' lang='grc' dir='ltr'><strong><em>ἐστι’</em></strong></span> <span class='ocrx_word' id='word_1_261' title='bbox 743 2861 886 2918; x_wconf 87' lang='lat' dir='ltr'>BVp.</span> <span class='ocrx_word' id='word_1_262' title='bbox 1039 2865 1079 2904; x_wconf 90' lang='lat'><strong><em>9.</em></strong></span> <span class='ocrx_word' id='word_1_263' title='bbox 1113 2859 1225 2930; x_wconf 70' lang='lat' dir='ltr'><strong><em>nal]</em></strong></span> <span class='ocrx_word' id='word_1_264' title='bbox 1256 2858 1420 2930; x_wconf 45' lang='lat' dir='ltr'>(prinus)</span> <span class='ocrx_word' id='word_1_265' title='bbox 1450 2873 1510 2902; x_wconf 88' lang='lat' dir='ltr'><strong><em>m.</em></strong></span> <span class='ocrx_word' id='word_1_266' title='bbox 1531 2863 1558 2902; x_wconf 78' lang='lat'>2</span> <span class='ocrx_word' id='word_1_267' title='bbox 1590 2858 1645 2902; x_wconf 84' lang='lat' dir='ltr'><strong><em>V.</em></strong></span> <span class='ocrx_word' id='word_1_268' title='bbox 1786 2861 1854 2901; x_wconf 90' lang='grc'><strong><em>10.</em></strong></span> 
     </span>
     <span class='ocr_line' id='line_1_36' title="bbox 162 2915 1795 2981; baseline -0.004 -16"><span class='ocrx_word' id='word_1_269' title='bbox 162 2917 378 2977; x_wconf 80' lang='grc' dir='ltr'><strong><em>εὐθεῖαι]</em></strong></span> <span class='ocrx_word' id='word_1_270' title='bbox 412 2935 501 2965; x_wconf 88' lang='lat' dir='ltr'><strong><em>om.</em></strong></span> <span class='ocrx_word' id='word_1_271' title='bbox 533 2936 579 2978; x_wconf 90' lang='lat' dir='ltr'><strong><em>p.</em></strong></span> <span class='ocrx_word' id='word_1_272' title='bbox 709 2916 760 2978; x_wconf 83' lang='grc' dir='ltr'><strong><em>ἤ]</em></strong></span> <span class='ocrx_word' id='word_1_273' title='bbox 794 2919 845 2977; x_wconf 91' lang='grc' dir='ltr'><strong><em>Ρ,</em></strong></span> <span class='ocrx_word' id='word_1_274' title='bbox 877 2919 912 2963; x_wconf 87' lang='lat' dir='ltr'><strong>F</strong></span> <span class='ocrx_word' id='word_1_275' title='bbox 944 2934 1006 2966; x_wconf 88' lang='lat' dir='ltr'><strong><em>m.</em></strong></span> <span class='ocrx_word' id='word_1_276' title='bbox 1034 2924 1080 2973; x_wconf 77' lang='lat'><strong><em>13</em></strong></span> <span class='ocrx_word' id='word_1_277' title='bbox 1113 2915 1332 2975; x_wconf 77' lang='grc' dir='ltr'><strong><em>ἄλληλαις</em></strong></span> <span class='ocrx_word' id='word_1_278' title='bbox 1361 2935 1389 2974; x_wconf 90' lang='grc' dir='ltr'><strong><em>η</em></strong></span> <span class='ocrx_word' id='word_1_279' title='bbox 1423 2916 1575 2975; x_wconf 88' lang='lat' dir='ltr'>BVp,</span> <span class='ocrx_word' id='word_1_280' title='bbox 1606 2917 1643 2961; x_wconf 84' lang='lat' dir='ltr'><strong>F</strong></span> <span class='ocrx_word' id='word_1_281' title='bbox 1667 2931 1727 2981; x_wconf 65' lang='lat' dir='ltr'><strong><em>En·</em></strong></span> <span class='ocrx_word' id='word_1_282' title='bbox 1754 2920 1795 2959; x_wconf 80' lang='lat'><strong><em>2.</em></strong></span> 
     </span>
    </p>
   </div>
  </div>
 </body>
</html>
