1956 3074
590 108 1051 151 ELEMENTORUM
1081 110 1263 151 LIBER
1292 110 1374 151 111.
1736 80 1846 161 '175

268 227 419 297 Ergo
460 228 507 281 si
553 229 610 281 in
650 228 849 282 circulo
882 230 1029 281 recta
1069 229 1251 298 aliqua
1284 246 1381 298 per
1414 230 1660 282 centrum
1693 230 1856 284 ducta

161 319 325 372 aliam
362 320 563 371 rectam
601 335 713 372 non
752 335 848 387 per
886 320 1130 370 centrum
1163 317 1381 371 ductam
1413 302 1472 370 in
1506 318 1637 371 duas
1670 321 1851 387 partes

156 408 406 477 aequales
448 409 609 477 secat,
649 406 811 459 etiam
845 407 911 460 ad
949 409 1125 460 rectos
1167 407 1396 476 angulos
1438 425 1557 460 eam
1591 410 1758 478 secat3
1799 410 1853 460 et

159 497 207 549 si
249 495 317 549 ad
354 498 530 548 rectos
573 496 803 565 angulos
845 513 963 548 eam
1004 498 1162 565 secat,
1203 495 1365 548 etiam
1403 496 1462 548 in
1504 496 1637 549 duas
1671 500 1851 564 partes

155 585 404 654 aequales
446 588 610 655 secat3
657 585 799 654 quod
840 587 957 637 erat
995 585 1492 638 demonstrandum.

950 718 1046 772 IV.

267 805 322 860 Si
373 807 430 859 in
469 807 668 860 circulo
709 808 845 860 duae
884 808 1063 860 rectae
1103 808 1245 860 inter
1285 824 1340 859 se
1382 810 1566 860 secant
1605 825 1715 861 non
1755 822 1852 877 per

152 899 397 949 centrum
437 895 643 965 ductae,
682 896 738 948 in
781 896 913 949 duas
953 899 1139 965 partes
1181 896 1431 965 aequales
1472 897 1616 949 inter
1650 915 1705 949 se
1738 914 1850 950 non

687 987 885 1038 secant.
1746 1043 1751 1047 ‚

799 1072 881 1126 Sit
913 1074 1144 1127 circulus
1178 1077 1402 1127 ΑΒΓΔ
1433 1078 1487 1127 et
1526 1075 1583 1126 in
1623 1092 1685 1126 eo
1713 1073 1849 1126 duae

161 1186 223 1232 Α
684 1166 861 1216 rectae
923 1165 1045 1231 ΑΓ,
1101 1167 1213 1216 ΒΔ
1276 1181 1388 1216 non
1447 1181 1544 1232 per
1603 1165 1849 1216 centrum

686 1253 876 1306 ductae
931 1254 1076 1306 inter
1133 1271 1190 1305 se
1238 1255 1422 1305 secent
1468 1253 1526 1305 in
1574 1255 1638 1305 Ε.
1716 1252 1852 1320 dico,

317 1392 386 1442 B
686 1361 776 1396 eas
824 1342 881 1394 in
921 1343 1053 1395 duas
1094 1346 1276 1411 partes
1319 1342 1570 1412 aequales
1609 1341 1753 1393 inter
1793 1358 1850 1393 se

684 1450 796 1484 non
838 1449 1032 1485 secare.

262 1539 388 1574 nam
438 1520 483 1572 si
521 1521 638 1573 fieri
675 1523 879 1591 potest,
929 1522 986 1573 in
1026 1520 1159 1574 duas
1198 1523 1382 1590 partes
1417 1520 1669 1589 aequales
1708 1519 1850 1571 inter

152 1628 207 1662 se
248 1613 443 1679 secent,
483 1611 563 1664 ita
601 1614 662 1664 ut
703 1611 775 1664 sit
806 1614 922 1663 ΑΕ
945 1635 1014 1653 --
1041 1612 1152 1663 ΕΓ
1184 1613 1238 1662 et
1269 1613 1471 1662 BE=
1498 1613 1629 1680 EA,
1669 1612 1724 1662 et
1764 1602 1876 1661 su?

150 1702 328 1752 matur
383 1702 625 1752 centrum
666 1700 852 1753 circuli
892 1701 1116 1752 ΑΒΓΔ
1152 1701 1329 1770 [prop.
1367 1698 1416 1766 I]
1427 1741 1442 1769 ‚
1489 1701 1543 1752 et
1583 1698 1655 1752 sit
1693 1701 1754 1767 Z,
1795 1699 1850 1750 et

149 1787 374 1841 ducatur
413 1793 533 1844 ZE.
610 1790 718 1842 iam
773 1790 1025 1858 quoniam
1074 1791 1224 1842 recta
1263 1807 1359 1858 per
1400 1791 1647 1842 centrum
1688 1787 1849 1841 ducta

151 1879 256 1930 ΖΕ
307 1878 470 1931 aliam
525 1882 730 1932 rectam
785 1897 897 1932 non
942 1880 1039 1948 per
1087 1881 1331 1931 centrum
1371 1877 1590 1931 ductam
1630 1882 1684 1930 A
1696 1879 1750 1930 Γ
1790 1872 1856 1929 in¹

150 1965 281 2019 duas
327 1971 511 2037 partes
560 1969 811 2037 aequales
867 1971 1034 2038 secat,
1087 1967 1252 2021 etiam
1293 1966 1361 2020 ad
1398 1970 1575 2020 rectos
1616 1966 1848 2036 angulos

150 2073 267 2110 eam
307 2060 453 2110 secat
494 2059 667 2127 [prop.
707 2057 830 2124 III].
882 2057 1066 2127 itaque
1109 2062 1144 2120 L
1170 2061 1336 2110 ZEA
1374 2059 1555 2110 rectus
1598 2058 1695 2110 est.
1734 2074 1847 2108 rur-

151 2165 240 2200 sus
295 2147 550 2217 quom‘am
612 2150 761 2201 recta
813 2151 922 2201 ZE
975 2147 1136 2201 aliam
1192 2149 1398 2200 rectam
1449 2150 1564 2199 BA
1612 2146 1670 2198 in
1717 2145 1848 2198 duas

149 2240 332 2307 partes
380 2235 630 2304 aequales
680 2240 848 2306 secat,
905 2235 1069 2289 etiam
1119 2236 1187 2289 ad
1234 2235 1412 2289 rectos
1454 2236 1685 2306 angulos
1728 2253 1847 2287 eam

151 2329 297 2380 secat
339 2325 468 2392 [id.].
531 2325 713 2394 itaque
753 2331 787 2388 L
814 2329 974 2379 ZEB
1015 2328 1194 2379 rectus
1236 2328 1334 2378 est.
1375 2324 1469 2378 sed
1509 2325 1847 2379 demonstra-

151 2419 265 2467 tum
305 2418 400 2484 est,
440 2416 605 2468 etiam
644 2420 678 2477 L
706 2418 871 2468 ZEA
910 2418 1116 2468 rectum
1159 2433 1290 2468 esse.
1368 2432 1532 2484 quare

730 2510 765 2567 L
791 2508 957 2558 ZEA
983 2530 1052 2548 =
1080 2508 1264 2574 ZEB,

151 2593 328 2647 minor
373 2594 590 2664 maiori3
645 2594 788 2664 quod
834 2594 949 2647 fieri
997 2613 1106 2648 non
1154 2597 1350 2663 potest.
1426 2594 1613 2662 itaque
1668 2596 1846 2644 rectae

119 2683 273 2751 ¹AF,
311 2685 423 2735 BA
454 2682 510 2735 in
549 2683 681 2736 duas
721 2686 904 2753 partes
945 2684 1197 2754 aequales
1238 2684 1380 2736 inter
1416 2700 1472 2736 se
1504 2700 1616 2735 non
1649 2683 1848 2734 secant.

153 2795 217 2851 V;
250 2792 328 2842 ἐπ’
362 2798 420 2856 F,
452 2813 564 2845 corr.
598 2815 657 2845 m.
688 2804 735 2856 23
770 2815 859 2845 om.
894 2801 945 2844 B.
1094 2805 1162 2844 21.
1198 2804 1287 2844 ΒΔ
1319 2795 1380 2857 μὴ
1416 2794 1496 2844 διὰ
1528 2798 1613 2845 τοῦ
1647 2795 1844 2852 κέντρου

155 2855 205 2911 F,
235 2855 279 2900 V
309 2872 370 2902 m.
395 2862 435 2903 2.
579 2858 755 2918 τέμνει]
793 2859 912 2918 (alt.)
944 2859 1141 2917 PBVp;
1174 2864 1314 2917 τεμεῖ
1335 2860 1384 2906 F.
1531 2864 1602 2905 23.
1639 2853 1846 2903 ἐλάσσων

152 2913 201 2960 F.
324 2921 400 2962 24:
428 2914 571 2977 ἐστίν]
605 2918 748 2976 PBp3
784 2934 872 2965 om.
907 2918 1007 2975 ch.
