1956 3074
1930 0 1956 94 1

173 89 284 143 210
806 87 1143 130 ΣΤοιΧΕιΩΝ
1173 82 1236 143 γ’.
1422 89 1425 93 ·
1511 46 1515 49 ’
1944 93 1956 149 ;

171 216 226 264 Α
258 211 493 280 σημείου
530 209 596 280 τῇ
620 212 733 262 BA
755 204 896 278 πρὸς
936 203 1118 278 ὀρθὰς
1155 201 1402 275 ἀγομένη
1441 202 1600 268 ἐντὸς
1630 213 1876 258 πεσεῖται
1950 235 1956 265 1

171 300 274 353 τοῦ
321 295 546 352 κύκλου.
624 292 830 366 ὁμοίως
877 292 947 365 δὴ
995 294 1275 364 δείξομεν,
1325 290 1411 348 ὅτι
1460 289 1583 347 οὐδ’
1637 292 1724 347 ἐπὶ
1778 295 1875 363 τῆς
1952 336 1956 339 .

172 390 546 459 περιφερείας·
588 382 746 448 ἐκτὸς
783 381 910 454 ἄρα.
1953 447 1956 449 -

223 528 228 532 ,
285 474 542 530 Πιπτέτω
584 469 660 538 ὥς
699 469 733 542 ἡ
776 477 911 527 ΑΕ·
974 471 1116 541 λέγω
1159 469 1250 541 δή,
1291 468 1376 525 ὅτι
1415 473 1494 536 είς
1532 468 1632 525 τὸν
1672 468 1876 541 μεταξὺ
1947 478 1956 538 ',

115 577 141 618 5
173 565 348 619 τόπον
396 565 494 633 τῆς
537 582 596 616 τε
636 566 750 615 ΑΕ
786 557 1014 624 εὐθείας
1052 558 1143 613 καὶ
1184 561 1282 629 τῆς
1320 563 1484 613 ΓΘΑ
1519 562 1876 631 περιφερείας
1946 560 1956 647 {¹

170 652 329 723 ἑτέρα
369 648 567 705 εὐθεῖα
606 646 676 705 οὐ
714 658 1156 720 παρεμπεσεῖται.
1948 663 1956 721 3

283 742 357 794 Εἰ
379 737 487 811 γὰρ
522 737 788 807 δυνατόν,
821 735 1242 807 παρεμπιπτέτω
1275 732 1350 801 ὡς
1374 733 1407 807 ἡ
1435 742 1559 804 ΖΑ,
1590 735 1683 791 καὶ
1713 734 1874 807 ἤχθω
1952 734 1956 738 ’

170 825 281 884 ἀπὸ
321 829 424 883 τοῦ
464 833 520 882 Δ
558 829 792 897 σημείου
833 825 921 880 ἐπὶ
959 822 1066 894 τὴν
1098 829 1205 878 ZA
1248 823 1487 889 κάθετος
1525 821 1559 894 ἡ
1597 830 1731 879 ΔΗ.
1783 825 1876 879 καὶ
1948 830 1956 895 j

171 916 288 973 ἐπεὶ
330 913 478 987 ὀρθή
520 915 672 970 ἐστιν
724 911 759 985 ἡ
800 911 910 969 ὑπὸ
951 918 1160 982 ΑΗΔ,
1217 912 1460 968 ἐλάττων
1509 912 1571 968 δὲ
1618 910 1798 983 ὀρθῆς
1838 909 1872 983 ἡ
1951 923 1956 972 ἶ

85 1018 141 1058 10
172 1002 284 1060 ὑπὸ
320 1008 523 1074 ΔΑΗ,
563 1006 763 1074 μείζων
802 1001 914 1074 ἄρα
952 999 988 1072 ἡ
1021 1008 1140 1057 ΑΔ
1163 1002 1260 1072 τῆς
1285 1007 1419 1057 ΔΗ.
1461 1009 1552 1073 ἴση
1595 1001 1657 1058 δὲ
1689 999 1722 1073 ἡ
1759 1007 1877 1057 ΔΑ

171 1096 239 1167 τῇ
281 1093 422 1148 ΔΘ·
492 1095 693 1164 μείζων
732 1089 842 1161 ἄρα
880 1087 915 1161 ἡ
957 1095 1070 1146 ΔΘ
1106 1092 1204 1161 τῆς
1244 1096 1382 1160 ΛΗ,
1422 1087 1456 1162 ἡ
1499 1090 1741 1147 ἐλάττων
1780 1094 1879 1162 τῆς
1952 1108 1956 1135 ῑ

173 1186 447 1254 μείζονος·
489 1179 624 1251 ὅπερ
666 1179 817 1235 ἐστὶν
858 1176 1158 1235 ἀδύνατον.
1238 1176 1341 1234 οὐκ
1380 1177 1490 1251 ἄρα
1529 1182 1609 1245 είς
1648 1178 1747 1236 τὸν
1788 1202 1876 1251 με·

172 1268 308 1337 ταξύ
346 1269 523 1325 τόπον
561 1271 660 1340 τῆς
697 1290 755 1323 τε
795 1266 1023 1333 εὐθείας
1060 1267 1153 1323 καὶ
1192 1270 1293 1338 τῆς
1327 1272 1680 1339 περιφερείας
1718 1269 1877 1338 ἑτέρα
1945 1261 1956 1334 ἑ

175 1356 374 1415 εὐθεῖα
412 1367 853 1429 παρεμπεσεῖται.
1143 1409 1148 1413 ,
1945 1366 1956 1418 5

90 1463 142 1503 15
291 1448 471 1518 Λέγω,
512 1467 598 1501 οτι
637 1445 730 1500 καὶ
766 1442 801 1516 ἡ
834 1443 937 1515 μὲν
968 1447 1069 1499 τοῦ
1103 1440 1436 1514 ἡμικυκλίου
1466 1441 1696 1515 γωνία“
1668 1467 1703 1516 η
1727 1463 1878 1517 περι·-

174 1537 410 1610 εχομένη
461 1533 574 1591 ὑπό
612 1556 670 1590 τε
708 1538 808 1605 τῆς
846 1539 958 1589 ΒΑ
998 1531 1225 1598 εὐθείας
1261 1532 1355 1587 καὶ
1393 1535 1491 1604 τῆς
1533 1537 1694 1589 ΓΘΑ
1731 1554 1878 1606 περι-

174 1629 401 1698 φερείας
456 1621 677 1694 ἆπασης
724 1627 935 1694 γωνίας
994 1621 1176 1689 ὀξείας
1229 1619 1640 1693 εὐθυγραμμου
1678 1628 1879 1695 μείζων
1944 1619 1956 1686 ῑῙ

175 1716 345 1785 ἐστίν,
378 1710 413 1785 ἡ
438 1712 500 1768 δὲ
526 1711 691 1783 λοιπὴ
724 1709 759 1783 ἡ
790 1712 1155 1783 περιεχομένη
1187 1708 1298 1767 ὑπό
1331 1733 1388 1767 τε
1412 1714 1510 1783 τῆς
1534 1715 1697 1767 ΓΘΑ
1727 1731 1878 1782 περι-
1945 1699 1956 1730 ς

175 1807 402 1876 φερείας
447 1801 541 1857 καὶ
588 1804 686 1872 τῆς
725 1806 839 1857 ΑΕ
882 1797 1111 1866 εὐθείας
1164 1797 1382 1871 ἆπασης
1436 1804 1643 1869 γωνίας
1697 1797 1879 1866 ὀξείας

88 1921 145 1961 20
178 1889 590 1963 εὐθυγράμμου
630 1889 874 1946 ἐλάττων
914 1891 1081 1945 ἐστίν.

289 1984 364 2036 Εἰ
416 1978 525 2052 γὰρ
574 1981 696 2035 ἐστί
734 2001 818 2045 τις
864 1982 1042 2049 γωνία
1089 1973 1490 2048 εὐθύγραμμος
1537 1982 1736 2047 μείζων
1776 1976 1879 2049 μὲν

174 2073 272 2142 τῆς
318 2068 714 2141 περιεχομένης
758 2064 871 2123 ὑπό
925 2087 983 2122 τε
1038 2068 1135 2137 τῆς
1190 2071 1237 2120 Β
1250 2073 1302 2121 Α
1356 2062 1583 2132 εὐθείας
1634 2065 1727 2121 καὶ
1782 2069 1881 2137 τῆς

175 2163 341 2215 ΓΘΑ
381 2161 758 2229 περιφερείας,
816 2154 1060 2211 ἐλάττων
1102 2154 1174 2233 δὲ,
1203 2158 1300 2226 τῆς
1337 2155 1731 2227 περιεχομένης
1768 2152 1879 2211 ὑπό
1941 2150 1956 2211 ἑ

174 2268 234 2302 τε
272 2250 368 2318 τῆς
388 2251 553 2302 ΓΘΑ
590 2249 945 2318 περιφερείας
981 2244 1074 2299 καὶ
1112 2246 1210 2315 τῆς
1243 2250 1295 2298 Α
1305 2249 1357 2298 Ε
1384 2241 1628 2314 εὐθείας,
1669 2247 1748 2310 εἰς
1777 2242 1879 2299 τὸν
1939 2265 1956 2316 :³

88 2363 145 2405 25
178 2333 381 2407 μεταξὺ
428 2334 605 2391 τόπον
651 2338 750 2406 τῆς
794 2355 852 2389 τε
892 2338 1055 2389 ΓΘΑ
1100 2336 1453 2405 περιφερείας
1502 2331 1595 2387 καὶ
1634 2335 1732 2403 τῆς
1770 2338 1883 2387 ΑΕ
1940 2335 1954 2398 '5

178 2422 407 2490 εὐθείας
461 2421 658 2480 εὐθεῖα
713 2434 1166 2495 παρεμπεσεῖται,
1216 2420 1338 2493 ἥτις
1383 2420 1603 2492 ποιήσει
1655 2426 1880 2493 μείζονα
1927 2404 1954 2554 ἕ

176 2513 279 2586 μὲν
334 2516 431 2585 τῆς
484 2513 880 2585 περιεχομένης
932 2509 1043 2567 ὑπό
1099 2533 1157 2567 τε
1210 2514 1308 2582 τῆς
1358 2516 1469 2565 BA
1508 2507 1733 2576 εὐθείας
1785 2510 1878 2565 καὶ

176 2606 274 2675 τῆς
341 2607 506 2659 ΓΘΑ
567 2605 921 2675 περιφερείας
980 2598 1090 2656 ὑπὸ
1155 2598 1398 2656 εὐθειων
1459 2599 1878 2671 περιεχομένην,
1933 2581 1945 2648 3

302 2773 340 2812 1.
374 2762 461 2811 απ’
496 2782 647 2822 ακρας
679 2762 891 2824 ἀγομένη
923 2780 967 2821 p.
1113 2768 1155 2807 2.
1189 2759 1305 2808 οὐδέ
1335 2762 1472 2819 BFp.
1594 2766 1636 2805 4.
1670 2758 1754 2820 δή]
1787 2775 1878 2806 οιιι.
1923 2735 1939 2754 ἰ

179 2826 235 2872 V.
382 2832 423 2871 4.
461 2826 616 2884 ΓΘΑ]
651 2839 769 2871 corr.
803 2839 860 2870 ex
892 2827 1023 2869 ΓΒΑ
1054 2839 1115 2867 m.
1142 2828 1170 2897 Ι2
1203 2823 1260 2867 V.
1414 2827 1453 2866 6.
1489 2817 1576 2866 οὐκ
1609 2816 1882 2893 ἐμπεσεῖται

179 2887 238 2940 F3
270 2898 389 2943 παρ·
421 2886 527 2930 add.
560 2900 620 2930 m.
647 2890 689 2930 2.
815 2890 855 2930 7.
887 2880 1233 2939 παρεπιπτέτω,
1266 2881 1371 2928 add.
1405 2897 1437 2939 μ
1467 2896 1529 2925 ιιι.
1557 2885 1597 2936 1,
1627 2880 1680 2926 F.
1823 2875 1878 2938 ἡ]
