1956 3074
121 1085 177 1125 10

121 1527 175 1568 15

122 2417 177 2457 25

209 66 322 119 290
843 67 1181 110 ΣΤΟΙΧΕΙΩΝ
1212 62 1276 110 δ’.

207 183 563 257 τετράγωνον
617 183 728 257 ἄρα
783 186 950 241 ἐστίν.
1025 184 1118 239 καὶ
1165 184 1594 257 περιγέγραπται
1639 185 1764 258 περὶ
1802 184 1904 241 τὸν

211 276 437 327 ΑΒΓΔ
473 271 699 328 κύκλον.

322 362 467 433 Περὶ
512 359 613 417 τὸν
662 362 907 417 δοθέντα
953 360 1064 434 ἄρα
1110 362 1318 417 κύκλον
1364 360 1716 435 τετράγωνον
1754 382 1904 436 περι-

208 449 540 522 γέγραπται·
598 448 732 521 ὅπερ
774 453 886 505 ἔδει
924 452 1168 521 ποιῆσαι.

1017 635 1054 683 η
1083 656 1093 666 .

323 717 438 780 Εἰς
475 713 546 771 τὸ
581 715 787 771 δοθὲν
825 715 1245 788 τετράγωνον
1283 715 1529 772 κύκλον
1562 715 1903 788 ἐγγράψαι.

308 801 488 859 ’Έστω
527 802 590 859 τὸ
633 802 810 859 δοθὲν
840 803 1193 876 τετράγωνον
1225 803 1286 859 τὸ
1317 809 1564 859 ΑΒΓΔ·
1605 807 1694 860 δεῖ
1723 803 1792 875 δὴ
1827 807 1906 870 εἰς

208 889 272 948 τὸ
313 897 538 948 ΑΒΓΔ
575 893 927 965 τετράγωνον
965 891 1174 948 κύκλον
1215 892 1502 964 ἐγγράψαι.

329 980 633 1052 Τετμήσθω
682 981 912 1053 ἑκατέρα
956 985 1070 1038 τῶν
1116 988 1258 1052 ΑΔ,
1313 987 1421 1037 ΑΒ
1477 984 1606 1053 δίχα
1650 980 1788 1037 κατὰ
1838 980 1906 1037 τὰ

210 1075 284 1140 Ε,
326 1075 372 1124 Ζ
418 1081 642 1141 σημεῖα,
697 1070 790 1125 καὶ
844 1068 938 1125 διὰ
978 1069 1080 1141 μὲν
1119 1072 1221 1125 τοῦ
1258 1076 1311 1125 Ε
1348 1068 1586 1143 ὁποτέρᾳ
1622 1073 1736 1125 τῶν
1775 1075 1905 1145 ΑΒ,

209 1164 313 1215 ΓΔ
350 1158 704 1231 παράλληλος
741 1157 902 1230 ἤχθω
953 1156 982 1214 ὁ
1022 1164 1151 1228 ΕΘ,
1204 1158 1298 1214 διὰ
1339 1158 1402 1214 δὲ
1439 1161 1543 1213 τοῦ
1582 1163 1627 1212 Ζ
1667 1155 1906 1232 ὁποτέρᾳ

207 1251 320 1304 τῶν
358 1254 499 1319 ΑΔ,
546 1252 655 1303 ΒΓ
686 1246 1040 1319 παράλληλος
1078 1246 1237 1319 ἤχθω
1277 1244 1311 1318 ἡ
1353 1252 1490 1302 ΖΚ·
1560 1245 1906 1317 παραλληλό-

207 1357 466 1408 γραμμον
507 1334 615 1407 ἄρα
656 1335 808 1391 ἐστὶν
848 1336 1082 1391 ἕκαστον
1120 1338 1235 1391 τῶν
1274 1340 1407 1406 ΑΚ,
1450 1340 1578 1406 ΚΒ,
1619 1340 1744 1405 ΑΘ,
1777 1339 1907 1403 ΘΔ,

207 1431 351 1495 ΑΗ,
403 1430 535 1494 ΗΓ,
573 1430 706 1494 ΒΗ,
745 1430 884 1494 ΗΔ,
915 1425 1007 1480 καὶ
1048 1427 1110 1479 αἰ
1144 1423 1483 1480 ἀπεναντίον
1521 1422 1709 1479 αὐτῶν
1747 1428 1906 1478 πλευ-

208 1514 303 1585 ραὶ
343 1513 606 1584 δηλονότι
647 1520 763 1568 ἴσαι
806 1516 1010 1583 [εἰσίν].
1071 1512 1164 1568 καὶ
1205 1513 1320 1569 ἐπεὶ
1361 1519 1453 1584 ἴση
1510 1512 1661 1569 ἐστὶν
1714 1508 1749 1582 ἡ
1789 1517 1907 1566 ΑΔ

207 1605 273 1676 τῇ
315 1608 451 1672 ΑΒ,
506 1607 603 1658 καί
655 1604 768 1658 ἐστι
816 1605 915 1673 τῆς
961 1601 1064 1673 μὲν
1111 1608 1230 1657 ΑΔ
1278 1599 1502 1674 ἡμίσεια
1541 1599 1575 1671 ἡ
1618 1591 1755 1671 ΑΕ,
1810 1602 1907 1670 τῆς

210 1691 272 1747 δὲ
320 1697 428 1746 ΑΒ
478 1687 698 1763 ἡμίσεια
738 1689 772 1763 ἡ
821 1697 954 1762 ΑΖ,
1011 1697 1103 1761 ἴση
1151 1689 1261 1761 ἄρα
1306 1690 1400 1745 καὶ
1447 1688 1622 1762 ἡΑΕ
1655 1692 1722 1761 τῇ
1769 1694 1906 1743 ΑΖ·

210 1777 350 1836 ὥστε
388 1779 480 1835 καὶ
522 1782 583 1835 αἱ
618 1778 986 1836 ἀπεναντίον·
1033 1786 1124 1850 ἴση
1165 1778 1275 1852 ἄρα
1313 1779 1406 1835 καὶ
1446 1777 1481 1850 ἡ
1520 1783 1640 1834 ΖΗ
1671 1781 1736 1850 τῇ
1775 1783 1907 1834 ΗΕ.

210 1866 416 1940 ἱμοίως
464 1867 533 1939 δὴ
583 1871 862 1941 δείξομεν,
908 1867 993 1924 ὅτι
1042 1868 1135 1923 καὶ
1175 1867 1403 1940 ἑκατέρα
1441 1870 1555 1923 τῶν
1594 1872 1731 1936 ΗΘ,
1786 1870 1910 1921 HK

119 1973 144 2013 2
210 1958 443 2031 ἑκατέρᾳ
480 1961 593 2014 τῶν
635 1963 764 2028 ΖΗ,
804 1963 923 2012 ΗΕ
959 1959 1108 2013 ἐστιν
1150 1962 1272 2027 ἴση·
1313 1957 1375 2011 αἱ
1409 1956 1668 2027 τέσσαρες
1707 1953 1816 2027 ἄρα
1849 1956 1910 2009 αἰ

209 2052 350 2116 ΗΕ,
406 2051 543 2117 ΗΖ,
591 2051 729 2117 ΗΘ,
777 2050 901 2100 ΗΚ
945 2051 1062 2101 ἴσαι
1108 2035 1385 2116 ἀλλήλαις
1424 2045 1631 2114 [εἰσιν]
1717 2040 1747 2099 ὁ
1797 2042 1906 2116 ἄρα

209 2135 419 2210 κέντρῳ
461 2134 562 2206 μὲν
600 2138 676 2212 τῷ
717 2139 782 2189 Η
805 2133 1135 2206 διαστήματι
1175 2132 1236 2189 δὲ
1277 2133 1361 2190 ἑνὶ
1400 2135 1513 2188 τῶν
1545 2138 1612 2202 Ε,
1652 2137 1716 2202 Ζ,
1755 2137 1820 2201 Θ,
1852 2136 1911 2186 Κ

208 2222 410 2289 κύκλος
449 2222 804 2296 γραφόμενος
836 2221 953 2295 ἥξει
993 2223 1085 2278 καὶ
1118 2221 1211 2278 διὰ
1243 2225 1356 2278 τῶν
1387 2223 1602 2277 λοιπῶν
1635 2224 1906 2292 σημείων·

209 2313 302 2368 καὶ
344 2311 618 2383 ἐφάψεται
654 2316 771 2368 τῶν
809 2318 943 2382 ΑΒ,
1001 2315 1128 2381 ΒΓ,
1183 2314 1313 2381 ΓΔ,
1367 2315 1484 2364 ΔΑ
1528 2305 1769 2382 εὐθειῶν
1810 2307 1904 2364 διὰ

209 2400 271 2457 τὸ
316 2399 496 2474 ὀρθὰς
542 2399 686 2457 εἶναι
735 2400 835 2466 τὰς
872 2399 1011 2471 πρός
1050 2410 1166 2464 τοῖς
1204 2405 1277 2469 Ε,
1333 2404 1403 2469 Ζ,
1459 2403 1531 2468 Θ,
1577 2403 1636 2454 Κ
1671 2402 1906 2469 γωνίας·

213 2493 264 2546 ει’
301 2491 410 2561 γὰρ
449 2500 601 2560 τεμεῖ
637 2487 667 2544 ὁ
707 2487 908 2554 κύκλος
945 2487 1043 2554 τὰς
1082 2493 1216 2558 ΑΒ,
1256 2491 1382 2556 ΒΓ,
1422 2490 1551 2556 ΓΔ,
1591 2492 1726 2556 ΔΑ,
1767 2483 1801 2556 ἡ
1840 2487 1906 2558 τῇ

330 2622 453 2667 VIII.
486 2622 678 2667 Boetius
708 2637 753 2678 p.
780 2626 879 2678 389,
898 2626 938 2667 5.

336 2747 374 2786 1.
425 2737 571 2800 ἐστίν]
607 2754 756 2798 comp.
791 2756 842 2797 p3
878 2736 982 2784 ἐστι’
1006 2739 1202 2783 PBFV.
1323 2743 1364 2782 5.
1398 2735 1469 2796 η’]
1503 2752 1563 2781 m.
1591 2742 1616 2781 2
1656 2735 1712 2780 V.
1836 2740 1903 2780 12.

212 2798 242 2855 ἡ
279 2802 369 2843 ΖΚ
399 2796 533 2856 ἤχθω
566 2816 610 2857 p.
737 2805 804 2845 13.
836 2799 946 2858 ΚΒ]
981 2801 1016 2841 Β
1049 2799 1213 2842 mukat.
1244 2796 1295 2840 in
1326 2799 1367 2841 E
1398 2802 1512 2872 “²22
1544 2796 1600 2850 Ἐς
1636 2798 1727 2839 ΒΚ
1752 2794 1845 2896 Bss.

217 2864 285 2903 14.
321 2862 435 2916 ΒΗ,
469 2860 587 2918 ΗΔ]
622 2873 647 2903 e
681 2873 796 2904 corr.
827 2860 877 2905 F.
1004 2863 1073 2902 15.
1108 2856 1244 2915 εἰσίν]
1278 2857 1335 2911 F;
1370 2855 1461 2900 εἰσι
1492 2854 1639 2912 BVp;
1673 2868 1762 2899 om.
1835 2890 1844 2899 .
