1956 3074
41 1209 96 1250 10

39 1659 92 1698 15

136 47 246 101 332
530 36 1119 105 DEMONySTRATIONEs
1151 49 1439 92 ALTERAE.

136 163 223 221 ἐπ’
267 162 495 231 εὐθείας
534 163 567 236 ἡ
607 170 783 221 ΓΖΗ
815 167 902 222 ἐπὶ
957 165 1018 222 τὸ
1060 173 1107 222 Θ
1157 178 1414 237 σημεῖον,
1451 167 1543 221 καὶ
1585 166 1827 238 ἐπεζεύχ-

135 261 333 310 θωσαν
372 256 435 309 αἱ
469 260 610 326 ΑΗ,
650 261 774 310 ΑΖ.

242 340 390 397 Ἐπεὶ
424 335 530 398 οὖν
564 344 626 396 αἱ
646 348 782 413 ΑΗ,
801 348 913 397 ΗΖ
944 348 1161 413 μείζους
1191 344 1299 399 εἰσὶ
1329 347 1427 415 τῆς
1450 351 1503 399 Α
1513 350 1576 414 Ζ,
1616 342 1757 399 ἀλλὰ
1790 342 1824 414 ἡ

135 436 244 485 ΖΑ
268 437 359 502 ἴση
373 430 531 499 [ἐστὶ]
549 433 616 503 τῇ
643 435 761 499 ΖΓ,
793 431 1043 486 τουτέστι
1074 435 1139 504 τῇ
1160 438 1279 502 ΖΘ,
1311 431 1472 503 κοινὴ
1506 431 1825 504 ἀφῃρήσθω

133 515 167 589 ἡ
194 524 328 574 ΖΗ·
367 517 534 589 λοιπὴ
574 517 684 589 ἄρα
723 515 910 589 ἡΑΗ
933 522 1130 589 λοιπῆς
1166 522 1264 590 τῆς
1287 525 1400 574 ΗΘ
1424 523 1623 590 μείζων
1657 522 1824 590 ἐστίν,

131 606 416 663 τουτέστιν
462 605 497 678 ἡ
538 613 661 662 ΗΔ
698 610 797 679 τῆς
834 613 973 678 ΗΘ,
1029 604 1063 678 ἡ
1114 605 1355 662 ἐλάττων
1402 610 1499 678 τῆς
1546 612 1824 679 μείζονος·

131 715 268 768 οπερ
315 695 466 751 ἐστὶν
514 693 814 753 ἀδύνατον,
894 694 1126 767 ὁμοίως,
1174 718 1282 751 καν
1331 694 1486 761 ἐκτὸς
1522 689 1558 769 ᾖ
1596 705 1698 751 τοῦ
1739 719 1823 768 μι-

129 787 270 856 κροῦ
309 782 372 840 τὸ
412 783 647 857 κέντρον
687 787 789 839 τοῦ
838 788 1088 855 μείζονος
1138 783 1372 854 κύκλου,
1431 786 1686 855 δείξομεν
1713 788 1821 853 [το]

131 871 356 928 ἄτοπον.
363 866 379 898 ⁸

953 964 998 1015 7.

637 1066 721 1119 Ad
760 1066 853 1119 lib.
892 1065 975 1119 ΙΠ
1014 1083 1163 1135 prop.
1204 1066 1292 1119 31.

838 1179 1080 1246 ’Ἁλλως

127 1281 162 1354 ἡ
203 1281 486 1351 ἀπόδειξις
523 1287 625 1340 τοῦ
666 1282 853 1355 ὀρθὴν
893 1281 1038 1339 εἶναι
1076 1282 1180 1354 τὴν
1218 1281 1327 1339 ὑπὸ
1369 1290 1548 1342 ΒΑΓ.

234 1370 383 1428 Ἐπεὶ
431 1375 598 1443 διπλῆ
646 1373 797 1428 ἐστιν
849 1369 885 1442 ἡ
934 1371 1043 1427 υπὸ
1101 1377 1278 1427 ΑΕΓ
1323 1375 1421 1443 τῆς
1463 1371 1576 1429 ὑπὸ
1623 1380 1819 1431 ΒΑΕ·

130 1467 223 1532 ἴση
263 1461 371 1532 γὰρ
412 1459 542 1525 δυσὶ
581 1470 702 1525 ταῖς
740 1459 897 1525 ἐντὸς
934 1459 1027 1514 καὶ
1067 1456 1433 1516 ἀπεναντίον·
1474 1466 1588 1518 ἔστι
1628 1463 1689 1519 δὲ
1727 1465 1820 1519 καὶ

123 1546 159 1620 ἡ
199 1546 310 1605 ὑπὸ
333 1554 501 1604 ΑΕΒ
542 1551 708 1620 διπλῆ
748 1551 846 1619 τῆς
883 1546 994 1604 ὑπὸ
1031 1553 1213 1619 ΕΑΓ,
1253 1551 1316 1603 αἱ
1351 1548 1461 1619 ἄρα
1499 1548 1607 1606 ὑπὸ
1635 1558 1820 1622 ΑΕΒ,

124 1642 304 1693 ΑΕΓ
344 1638 699 1703 διπλασίονές
745 1640 852 1693 εἰσι
898 1641 996 1708 τῆς
1040 1635 1152 1693 ὑπὸ
1194 1642 1371 1693 ΒΑΓ.
1449 1636 1570 1694 ἀλλ’
1615 1642 1677 1694 αἱ
1710 1638 1821 1696 ὑπὸ

123 1732 315 1797 ΑΕΒ,
340 1730 511 1781 ΑΕΓ
530 1726 697 1781 δυσὶν
738 1724 941 1798 ὀρθαῖς
982 1733 1097 1781 ἴσαι
1122 1728 1290 1781 εἰσίν·
1328 1724 1363 1796 ἡ
1387 1725 1498 1798 ἄρα
1521 1725 1631 1783 ὑπὸ
1658 1734 1827 1784 ΒΑΓ

125 1812 272 1886 ὀρθή
314 1816 484 1871 ἐστιν·
550 1811 684 1884 ὅπερ
724 1817 839 1869 ἔδει
877 1815 1067 1881 δεῖξαι.

242 1978 415 2034 111,31.
447 1968 610 2022 Insert.
642 1992 687 2034 p.
706 1981 850 2033 246,2
882 1979 992 2034 post
1022 1977 1177 2030 δεῖξαι
1206 1976 1256 2021 in
1287 1977 1519 2034 PBFVp.

246 2118 283 2156 1.
316 2107 344 2164 ἡ
400 2110 449 2154 in
480 2123 568 2154 ras.
601 2110 651 2154 F.
774 2111 922 2153 ΗΖΓ
953 2108 1010 2163 Ρς
1045 2111 1185 2153 ΓΗΖ
1216 2109 1267 2154 Β.
1412 2115 1453 2155 3.
1487 2111 1696 2167 μείζονες
1725 2126 1771 2168 p.

123 2168 242 2214 εἰσιν
271 2169 310 2213 Ρ
508 2165 612 2213 ἀλλ’
644 2169 692 2214 F.
822 2173 863 2212 4.
898 2168 998 2226 ZA]
1031 2166 1136 2221 PF;
1170 2171 1250 2211 AZ
1282 2168 1424 2225 BVp.
1566 2167 1689 2228 ἐστί]
1724 2184 1815 2215 om.

120 2227 173 2273 P.
310 2228 389 2286 τῆ]
422 2229 505 2286 τῆς
534 2229 586 2272 Β.
710 2228 823 2299 ΖΓ]
855 2227 961 2279 PF;
996 2230 1079 2271 ΓΖ
1109 2203 1252 2284 1'3Vp.
1373 2227 1612 2273 τουτέστιν
1643 2228 1695 2274 Ρ.

122 2292 164 2333 5.
199 2283 299 2332 ἐστι’
325 2274 475 2334 PBV.
612 2292 651 2332 6.
687 2284 894 2331 ἐλάσσων
925 2287 1014 2344 Pp.
1153 2291 1191 2330 ’7.
1209 2283 1375 2358 ἐστίν]
1410 2300 1498 2333 om.
1531 2302 1577 2359 p.
1699 2284 1812 2359 κᾶν]

120 2347 289 2392 iuras.
321 2345 377 2393 V.
454 2352 495 2393 8.
527 2344 605 2420 td]
646 2361 735 2392 om.
767 2347 827 2400 P;
874 2359 990 2390 corr.
1022 2345 1071 2390 in
1103 2340 1220 2390 αὖτό
1252 2360 1314 2390 m.
1339 2351 1366 2390 2
1399 2346 1455 2399 F;
1504 2343 1620 2391 αυτό
1654 2346 1712 2401 Βς
1760 2363 1813 2392 το

121 2401 240 2450 αὐτό
271 2421 316 2463 p.
499 2411 540 2452 9.
573 2406 775 2464 ατοπον]
809 2401 1106 2459 ἀτοπώτερον
1138 2403 1186 2448 F.
1338 2406 1392 2449 In
1421 2405 1533 2450 fine.
1567 2401 1682 2461 ὅπερ
1716 2404 1814 2451 ἔδει

121 2465 275 2519 δεῖξαι
305 2465 356 2508 Ρ.
497 2470 565 2511 12.
599 2465 764 2523 ΑΕΓ]
799 2478 914 2509 cort.
947 2477 1002 2508 ex
1035 2466 1178 2507 ΕΑΓ
1203 2464 1253 2509 F.
1387 2469 1455 2510 13.
1490 2463 1615 2509 ἔστιν
1645 2465 1695 2508 Ρ.

122 2527 192 2567 14.
226 2526 367 2568 ΕΑΓ
417 2527 559 2568 ΑΕΓ
584 2525 641 2579 F3
676 2537 791 2569 corr.
823 2538 882 2567 m.
903 2528 942 2567 2.
1070 2528 1137 2567 15.
1171 2521 1289 2567 εἰσιν
1319 2523 1370 2567 Ρ.
1494 2519 1609 2568 ἄλλά
1641 2524 1691 2567 Ρ.

123 2587 191 2627 17.
225 2578 341 2640 ὅπερ
400 2585 475 2628 δει
506 2584 682 2641 δεῖξαι]
713 2584 763 2626 in
793 2598 886 2640 mg.
920 2581 1090 2628 transit
1121 2598 1171 2638 φ.
1277 2582 1450 2640 δεῖξαι]
1483 2583 1680 2638 ποιῆσαι
1710 2582 1810 2626 BV.
