1956 3074
197 96 307 148 244
836 96 1174 139 mommsen
1204 92 1269 152 γ’.

197 223 310 271 τῶν
358 213 419 269 δὲ
467 215 527 269 ἐν
578 224 694 279 τοῖς
732 212 959 280 κύκλοις
997 213 1420 286 τετραπλεύρων
1460 216 1522 268 αἱ
1557 210 1895 269 ἀπεναντίον

198 307 399 374 γωνίαι
453 302 620 358 δυσὶν
676 304 877 372 ὀρθαῖς
924 309 1041 356 ἴσαι
1094 306 1237 358 εἰσίν
1286 304 1372 371 [αἱ
1408 300 1519 374 ἄρα
1556 299 1666 357 ὑπὸ
1715 305 1897 370 ΑΒΓ,

200 398 319 447 AA
328 395 382 446 Γ
397 396 599 462 γωνίαι
624 391 790 447 δυσὶν
823 388 1026 462 ὀρθαῖς
1058 397 1174 445 ἶσαι
1205 394 1393 459 εἰσίν],
1424 393 1525 445 καί
1550 387 1758 460 ἐστινὴ
1784 386 1893 444 ὑπὸ

201 485 374 535 ΑΒΓ
406 479 648 535 ἐλάττων
688 477 894 550 ὀρθῆς·
936 477 1102 550 λοιπὴ
1146 477 1258 551 ἄρα
1296 476 1331 549 ἡ
1371 476 1480 534 ὑπὸ
1507 485 1627 533 ΑΛ
1639 483 1691 534 Γ
1721 481 1899 548 γωνία

145 581 171 620 5
202 572 404 639 μείζων
445 565 626 639 ὀρθῆς
665 568 844 622 ε’ᾶτιν·
884 571 983 622 καί
1018 569 1169 622 ἐστιν
1210 569 1271 623 ἐν
1310 570 1387 643 τῷ
1424 565 1546 622 'AA
1557 570 1609 621 Γ
1648 565 1898 621 ἐλάττονι

201 660 305 711 τοῦ
344 653 678 726 ἡμικυκλίου
715 654 970 726 τμήματι.

317 744 498 815 Λέγω,
540 741 627 799 ὅτι
665 744 758 798 καὶ
797 741 832 815 ἡ
872 743 977 815 μὲν
1007 747 1110 801 τοῦ
1135 748 1385 816 μείζονος
1414 742 1695 814 τμήματος
1724 746 1901 813 γωνία

204 830 239 904 ἡ
294 833 656 905 περιεχομένη
715 829 826 888 ὑπό
887 837 990 903 [τε]
1045 836 1143 904 τῆς
1188 837 1360 887 ΑΒΓ
1410 835 1764 903 περιφερείας
1810 830 1901 885 καὶ

205 924 302 992 τῆς
340 925 456 976 ΑΓ
488 917 716 988 εὐθείας
754 926 954 993 μείζων
994 922 1145 978 ἐστὶν
1185 919 1390 993 ὀρθῆς,
1431 918 1464 990 ἡ
1507 919 1569 975 δὲ
1607 922 1709 975 τοῦ
1750 918 1902 975 ἐλάτ-

119 1021 176 1062 10
206 1031 371 1075 τονος
423 1009 704 1082 τμήματος
757 1015 935 1081 γωνία
984 1007 1019 1080 ἡ
1074 1009 1436 1080 περιεχομένη
1487 1005 1598 1063 ὑπό
1659 1012 1761 1076 [τε]
1809 1011 1906 1078 τῆς

207 1106 262 1154 Α
272 1102 429 1168 Δ[Γ]
457 1103 811 1171 περιφερείας
840 1099 934 1154 καὶ
966 1101 1064 1169 τῆς
1093 1105 1147 1153 Α
1155 1101 1208 1153 Γ
1237 1094 1464 1162 εὐθείας
1489 1097 1729 1152 ἐλάττων
1756 1095 1906 1152 ἐστὶν

210 1184 402 1259 ὀρθῆς.
464 1192 563 1243 καί
596 1189 747 1244 ἐστιν
787 1185 1037 1243 αὐτόθεν
1077 1185 1346 1258 φανερόν.
1415 1184 1531 1240 ἐπεὶ
1570 1182 1678 1256 γὰρ
1718 1182 1752 1255 ἡ
1792 1181 1903 1240 ὑπὸ

209 1278 324 1332 τῶν
364 1281 502 1346 ΒΑ,
542 1281 656 1332 ΑΓ
703 1275 948 1332 εὐθειῶν
1004 1273 1152 1347 ὀρθή
1209 1275 1379 1343 ἐστιν,
1434 1270 1468 1344 ἡ
1514 1271 1624 1345 ἄρα
1663 1270 1773 1329 ὑπὸ
1812 1275 1908 1344 τῆς

210 1369 384 1421 ΑΒΓ
428 1370 782 1438 περιφερείας
827 1365 919 1420 καὶ
967 1367 1066 1435 τῆς
1111 1367 1226 1419 ΑΓ
1273 1361 1501 1428 εὐθείας
1546 1363 1906 1434 περιεχομένη

126 1466 180 1506 15
212 1458 414 1526 μείζων
454 1454 605 1509 ἐστὶν
646 1451 842 1525 ὀρθῆς.
899 1451 1087 1522 πάλιν,
1129 1451 1242 1508 ἐπεὶ
1275 1449 1310 1522 ἡ
1349 1448 1458 1506 ὑπὸ
1498 1453 1611 1506 τῶν
1644 1454 1776 1519 ΑΓ,
1802 1455 1909 1505 ΑΖ

212 1541 456 1600 εὐθειῶν
504 1539 653 1613 ὀρθή
694 1543 870 1612 ἐστιν,
908 1538 942 1612 ἡ
983 1539 1093 1613 ἄρα
1131 1537 1241 1596 ὑπὸ
1280 1543 1378 1611 τῆς
1416 1544 1517 1595 ΓΑ
1555 1536 1780 1604 εὐθείας
1818 1538 1909 1593 καὶ

211 1635 310 1703 τῆς
350 1636 576 1702 ΑΔ[Γ]
634 1634 989 1704 περιφερείας
1041 1629 1403 1703 περιεχομένη
1460 1626 1706 1685 ἐλάττων
1759 1627 1910 1684 ἐστὶν

217 1719 408 1792 ὀρθῆς.

324 1806 419 1865 Ἐν
457 1808 642 1884 κύκλῳ
682 1807 792 1881 ἄρα
824 1805 858 1880 ἡ
891 1807 994 1879 μὲν
1027 1808 1088 1863 ἐν
1119 1810 1195 1883 τῷ
1228 1804 1534 1880 ἡμικυκλίῳ
1558 1808 1737 1876 γωνία
1763 1802 1912 1876 ὀρθή

130 1910 189 1951 20
220 1899 390 1969 ἐστιν,
438 1895 473 1968 ἡ
514 1896 577 1953 δὲ
616 1898 678 1953 ἐν
715 1900 791 1973 τῷ
832 1901 1042 1967 μείζονι
1079 1893 1319 1967 τμήματι
1358 1893 1602 1950 ἐλάττων
1641 1890 1837 1965 ὀρθῆς,
1877 1890 1911 1963 ἡ

218 1985 282 2042 δὲ
321 1987 383 2042 ἐν
422 1988 498 2062 τῷ
539 1983 791 2042 ἐλάττονι
827 1982 1108 2056 [τμήματι]
1149 1987 1350 2055 μείζων
1390 1980 1588 2054 ὀρθῆς,
1627 1981 1720 2036 καὶ
1761 1984 1839 2036 ἔτι
1878 1978 1912 2052 ἡ

219 2074 321 2146 μὲν
345 2077 447 2129 τοῦ
472 2078 722 2145 μείζονος
737 2072 1016 2145 τμήματος
1039 2075 1261 2143 [γωνία]
1281 2075 1482 2143 μείζων
1504 2069 1702 2140 [ἐστὶν]
1722 2066 1915 2141 ὀρθῆς,

339 2241 381 2281 2.
415 2233 470 2280 αἱ
496 2232 591 2290 ἄρα
616 2261 671 2269 —
697 2241 737 2280 3.
772 2233 890 2280 εἰσίν
950 2250 1044 2292 mg.
1076 2249 1137 2279 m.
1169 2246 1260 2279 rec,
1294 2234 1346 2280 P.
1529 2236 1570 2277 3.
1603 2230 1791 2288 γωνίαι]
1825 2244 1915 2275 om.

220 2296 315 2353 Bp.
453 2293 593 2353 εἰσίν]
625 2294 730 2349 BF3
764 2293 858 2339 εἰσί
931 2294 1026 2351 Vp.
1161 2297 1201 2337 4.
1236 2288 1372 2349 λοιπή
1427 2307 1488 2335 m.
1514 2296 1539 2335 2
1572 2289 1621 2334 F.
1744 2289 1913 2347 γωνία]

221 2354 322 2409 PF;
357 2369 446 2400 om.
479 2353 624 2412 BVp.
776 2359 817 2398 5.
852 2350 1001 2410 ὀρθῆς
1034 2349 1180 2410 ἐστιν]
1213 2350 1317 2404 PF;
1395 2351 1516 2408 ρθῆς
1549 2346 1645 2395 ἐστι
1676 2349 1742 2404 V;
1792 2344 1916 2394 ἔστιν

221 2411 375 2471 ὀρθῆς
405 2414 494 2471 Bp.
596 2409 742 2472 ἔστιν]
778 2413 895 2470 (alt.)
927 2426 1017 2456 om.
1042 2411 1085 2455 V
1117 2414 1276 2486 (supra
1306 2409 1388 2454 καὶ
1421 2406 1471 2454 ἐν
1503 2411 1624 2466 ras.).
1674 2462 1698 2479 n
1746 2408 1916 2511 AAPE]

222 2474 275 2530 Ρ,
306 2472 357 2528 F,
388 2472 430 2517 V
463 2476 567 2530 (ras.
600 2474 781 2530 supra);
813 2486 902 2517 om.
936 2472 1027 2528 Bp.
1182 2467 1368 2515 ελάτονι
1400 2469 1450 2515 P.
1597 2473 1638 2512 7.
1671 2482 1744 2511 οτι
1797 2467 1849 2523 Ρ,

223 2548 285 2577 m.
314 2539 360 2587 13
394 2529 470 2588 δή,
502 2527 577 2576 ὅτι
607 2530 697 2575 BV
742 2567 752 2586 ‚
784 2531 820 2575 F
852 2547 913 2578 m.
939 2535 964 2575 2
999 2531 1183 2586 (enan).
1306 2533 1347 2574 8.
1380 2528 1449 2586 τε]
1483 2527 1542 2582 P;
1575 2541 1664 2572 om.
1697 2527 1735 2570 B
1790 2524 1886 2583 Vp.

224 2591 384 2650 ΑΒΓ]
418 2591 476 2644 Ρ;
524 2593 664 2635 ΑΗΒ
772 2606 833 2636 m.
865 2604 970 2645 rec.‚
1004 2588 1100 2644 BF,
1147 2589 1190 2632 V
1219 2603 1280 2632 m.
1307 2592 1356 2642 2,
1403 2601 1435 2643 p
1466 2592 1602 2640 m.1;
1650 2587 1788 2630 ΑΒΓ
1815 2599 1920 2630 cum

224 2666 315 2696 ras.
349 2657 372 2695 1
406 2650 496 2695 litt.
527 2650 651 2695 inter
679 2654 715 2693 A
749 2652 796 2694 et
828 2653 863 2693 Β
894 2648 936 2693 V
967 2664 1029 2693 m.
1057 2654 1104 2704 13
1140 2651 1183 2692 Γ
1209 2645 1316 2692 add.
1347 2662 1379 2704 p
1410 2661 1471 2690 m.
1503 2659 1594 2691 rec.
1716 2649 1756 2690 9.
1804 2643 1917 2702 ΑΓ]

227 2713 273 2755 Γ
297 2709 348 2754 in
378 2723 469 2755 ras,
503 2725 563 2755 m.
595 2723 686 2754 rec.
718 2708 771 2752 B.
894 2707 1083 2765 μείζων]
1117 2708 1237 2764 μείζ-
1269 2706 1319 2749 in
1349 2719 1438 2751 ras.
1471 2721 1532 2751 m.
1558 2717 1649 2749 rec.
1674 2703 1725 2750 B.
1849 2708 1918 2747 10.

225 2769 298 2828 τε]
331 2770 389 2824 P;
422 2782 513 2813 om.
544 2768 627 2812 BF
641 2768 733 2826 Vp.
835 2772 904 2811 11.
938 2767 1103 2825 ΑΔΓ]
1139 2769 1183 2810 Γ
1208 2766 1366 2811 insert.
1399 2780 1458 2809 m.
1486 2770 1509 2808 1
1542 2762 1592 2808 F.
1694 2759 1917 2821 ἐλάττων]

226 2829 276 2872 in
306 2842 396 2872 ras.
429 2844 490 2872 m.
522 2841 615 2873 rec.
648 2827 698 2872 B.
855 2831 923 2872 12.
967 2822 1021 2899 ἡ]
1054 2823 1083 2882 ἡ
1117 2822 1427 2882 περιεχομένη
1459 2825 1607 2880 γωνία
1639 2822 1694 2867 V.
1850 2826 1919 2866 13.

228 2883 376 2946 ὀρθή]
409 2887 544 2932 PFV
575 2886 641 2943 (in
672 2887 708 2931 F
742 2887 850 2931 ante
883 2882 1007 2941 ὀρθη
1040 2884 1176 2929 inser.
1209 2881 1520 2942 περιεχομένη
1551 2883 1700 2939 γωνία
1732 2896 1823 2939 mg.
1856 2895 1919 2927 m.
