1956 3074
103 1034 157 1073 10

65 1477 164 1526 ,15

107 1921 164 1961 20

194 105 266 158 52
823 107 1160 151 ΣΤοΙΧΕΙῼΝ
1191 104 1258 154 α’.

302 222 515 292 Πάλιν,
565 223 680 279 ἐπεὶ
726 222 934 290 παντὸς
978 224 1257 296 τριγώνου
1303 222 1337 295 ἡ
1380 223 1533 290 ἐκτὸς
1570 232 1748 296 γωνία
1786 233 1883 300 τῆς

189 309 346 377 ἐντὸς
402 311 497 366 καὶ
550 309 888 368 ἀπεναντίον
934 318 1134 383 μείζων
1182 315 1358 384 ἐστίν,
1413 317 1515 369 τοῦ
1561 319 1728 371 ΓΔΕ
1773 316 1884 388 ἄρα

187 398 468 472 τριγώνου
518 398 552 470 ἡ
610 399 764 465 ἐκτὸς
803 402 997 471 ’γωνία
1050 399 1085 472 ἡ
1136 399 1246 457 ὑπὸ
1295 407 1471 456 ΒΔΓ
1517 407 1716 473 μείζων
1768 407 1882 461 ε’στὶ

187 491 284 559 τῆς
322 485 431 544 ὑπὸ
471 493 656 544 ΓΕΔ.
716 486 808 544 διὰ
848 487 1020 544 ταύτὰ
1060 494 1259 545 τοίνυν
1298 491 1391 544 καὶ
1429 494 1531 545 τοῦ
1570 498 1743 546 ΑΒΕ
1777 514 1885 563 τρι-

187 575 378 647 γώνου
423 575 456 647 ἡ
508 574 661 641 ἐκτὸς
706 581 885 646 γωνία
932 575 966 648 ἡ
1014 575 1122 633 ὑπὸ
1173 583 1332 633 ΓΕΒ
1383 584 1582 650 μείζων
1634 581 1746 634 ἐστὶ
1786 585 1886 652 τῆς

187 662 296 721 ὑπὸ
350 669 534 720 ΒΑΓ.
611 663 752 720 ἀλλὰ
802 668 898 736 τῆς
945 663 1054 721 ὑπὸ
1111 669 1272 721 ΓΕΒ
1319 670 1519 737 μείζων
1574 669 1799 740 ἐδείχθη
1848 668 1883 740 ἡ

188 750 297 808 ὑπὸ
338 758 527 808 ΒΔΓ·
586 757 772 827 πολλῶ
813 752 924 823 ἄρα
963 752 998 824 ἡ
1037 752 1145 809 ὑπὸ
1188 758 1365 808 ΒΔΓ
1395 759 1594 825 μείζων
1634 757 1749 812 ἐστὶ
1786 761 1884 828 τῆς

189 839 299 898 ὑπὸ
340 847 519 897 ΒΑΓ.

297 927 428 985 Ἐὰν
484 929 594 1002 ἄρα
647 929 926 1001 τριγώνου
974 930 1060 985 ἐπὶ
1125 934 1252 1001 μιᾶς
1303 934 1415 986 τῶν
1469 935 1727 1004 πλευρῶν
1775 931 1883 989 άπὸ

188 1021 302 1074 τῶν
350 1019 604 1087 περάτων
644 1020 747 1074 δύο
788 1016 1004 1074 εὐθεῖαι
1054 1017 1210 1083 ἐντὸς
1250 1024 1636 1090 συσταθῶσιν,
1691 1025 1755 1076 αἱ
1792 1039 1884 1077 συ-

192 1114 485 1162 σταθεῖσαι
538 1110 654 1163 τῶν
711 1110 926 1163 λοιπῶν
976 1110 1078 1163 τοῦ
1134 1108 1415 1178 τριγῶνου
1470 1109 1575 1166 δύο
1630 1114 1886 1180 πλευρῶν

192 1194 481 1261 ἐλάττονες
536 1196 638 1266 μέν
677 1199 840 1266 εἰσιν,
882 1201 1107 1266 μείζονα
1150 1196 1211 1252 δὲ
1250 1202 1464 1267 γωνίαν
1503 1199 1885 1270 περιέχουσιν·

194 1282 330 1356 ὅπερ
372 1287 484 1339 ἔδει
526 1285 716 1351 δεῖξαι.
1023 1357 1082 1430 β’

981 1381 1014 1414 κ
1085 1403 1097 1415 .

303 1458 400 1516 Ἐκ
439 1464 641 1531 τριῶν
683 1459 994 1532 εὐθειῶν,
1036 1464 1106 1516 αἳ
1142 1466 1313 1518 εἰσιν
1354 1470 1494 1517 ἴσαι
1536 1464 1714 1534 τρισὶ
1744 1475 1888 1529 ταῖς

193 1554 541 1615 δοθείσαις
589 1547 960 1620 [εὐθείαις],
1019 1555 1349 1623 τρίγωνον
1401 1551 1886 1622 συστήσασθαι·

194 1643 296 1694 δεῖ
334 1639 405 1695 δὲ
443 1636 556 1703 τὰς
595 1637 715 1693 δύο
756 1642 858 1710 τῆς
897 1642 1135 1709 λοιπῆς
1172 1642 1477 1708 μείζονας
1516 1638 1692 1695 εἶναι
1732 1641 1886 1696 πάν-

192 1750 263 1801 τῃ
313 1729 991 1798 μεταλαμβανομένας
1038 1724 1172 1796 [διὰ
1216 1726 1287 1782 τὸ
1327 1727 1435 1783 καὶ
1475 1727 1715 1794 παντὸς
1752 1750 1889 1801 τρι-

191 1816 413 1888 γώνου
466 1815 580 1881 τὰς
628 1815 746 1872 δύο
797 1815 1085 1888 πλευρὰς
1131 1818 1244 1885 τῆς
1290 1820 1528 1888 λοιπῆς
1581 1821 1889 1889 μείζονας

197 1903 371 1961 εἶναι
413 1907 622 1978 πάντῃ
663 1904 1382 1976 μεταλαμβανομένας].

292 1992 582 2049 ’Ἑστωσαν
628 1996 690 2048 αἱ
734 1997 993 2049 δοθεῖσαι
1038 2003 1186 2066 τρεῖς
1233 1991 1450 2048 εὐθεῖαι
1492 1995 1553 2048 αἰ
1590 2002 1667 2063 A,
1709 2001 1786 2064 Β,
1824 2000 1887 2064 Γ,

193 2075 275 2137 ῶν
326 2085 388 2136 αἱ
424 2081 529 2138 δύο
568 2085 666 2153 τῆς
703 2084 900 2152 λοιπῆς
938 2085 1182 2152 μείζονες
1221 2085 1471 2137 ἔστωσαν
1509 2081 1686 2155 πάντῃ
1730 2104 1889 2153 μετα-

193 2170 632 2241 λαμβανόμεναι,
673 2173 735 2225 αί
770 2169 871 2241 μὲν
903 2177 974 2241 Α,
1013 2176 1061 2225 Β
1093 2172 1191 2241 τῆς
1221 2174 1283 2241 Γ,
1322 2172 1384 2225 αἱ
1413 2170 1474 2226 δὲ
1507 2179 1575 2240 Α,
1616 2175 1669 2226 Γ
1692 2174 1788 2242 τῆς
1819 2177 1885 2242 Β,

194 2259 288 2314 καὶ
327 2263 406 2314 ἔτι
447 2262 508 2314 αἱ
544 2265 609 2330 Β,
649 2264 703 2314 Γ
733 2262 831 2330 τῆς
869 2267 942 2313 Α·
994 2262 1083 2315 δεῖ
1119 2257 1188 2330 δὴ
1231 2261 1289 2314 ἐκ
1328 2263 1443 2315 τῶν
1484 2266 1622 2315 ι”σων
1661 2271 1781 2325 ταῖς
1819 2268 1889 2330 Α,

110 2364 167 2406 25
200 2354 261 2419 B,
301 2353 354 2403 Γ
387 2353 665 2419 τρίγωνον
707 2346 1109 2418 συστήσασθαι.

305 2434 608 2491 Ἐκκείσθω
649 2458 731 2502 τις
763 2434 959 2497 εὐθεῖα
991 2434 1025 2507 ἡ
1061 2443 1115 2490 A
1124 2442 1177 2490 E
1205 2436 1586 2508 πεπερασμένη
1620 2435 1723 2507 μὲν
1751 2435 1888 2491 κατὰ

317 2582 457 2627 ΧΧΙΙ.
506 2583 697 2628 Proclus
728 2599 772 2641 p.
801 2588 906 2640 102,
928 2588 995 2629 16.
1059 2581 1283 2628 Eutocius
1324 2583 1374 2627 in
1404 2582 1708 2641 Apollonium
1746 2599 1790 2641 p.
1820 2589 1888 2631 10.

199 2642 389 2759 cssffiffiff
402 2648 600 2758 313.03S{2·,
631 2649 652 2687 1
688 2643 863 2700 (male).
927 2645 1111 2700 partem
1150 2642 1563 2687 demonstrationis
1604 2642 1750 2687 habet
1781 2643 1889 2687 Pro-

320 2840 360 2880 2.
396 2832 549 2894 ἐντός]
584 2832 654 2880 ἐν·
687 2835 736 2879 in
767 2850 854 2880 ras.
890 2835 931 2879 b.
1026 2831 1170 2893 ἐστίν]
1203 2834 1303 2891 PF;
1340 2831 1442 2879 ἐστι’
1467 2835 1624 2892 uulgo.
1734 2835 1888 2892 ΓΔΕ]

202 2908 226 2938 e
260 2908 374 2940 corr.
409 2895 443 2938 F
478 2911 537 2938 m.
565 2901 612 2948 23
660 2896 824 2940 mubat.
858 2895 907 2939 in
942 2897 1083 2938 ΓΕΔ
1117 2894 1170 2939 V.
1325 2891 1438 2952 ἄρα]
1475 2907 1615 2951 supra
1644 2893 1695 2938 F.
1848 2898 1888 2938 3.
