1956 3074
597 71 1057 114 ELEMENTORUM
1085 71 1268 113 LmER
1298 71 1375 114 1v.
1726 67 1833 121 311

134 194 379 247 tendens
425 194 609 262 itaque
648 192 814 245 etiam
853 190 1064 260 reliqua
1100 190 1274 243 latera
1311 189 1533 259 reliquis
1571 190 1836 244 lateribus

138 283 384 352 aequalia
428 281 722 335 habebunt.
797 281 979 349 itaque
1027 282 1131 332 ΖΘ
1156 304 1226 322 =
1254 281 1378 331 ZK.
1457 279 1706 332 similiter
1746 279 1836 332 de-

135 370 562 425 monstrabimus
571 412 586 438 ,
640 370 804 423 etiam
856 368 1099 439 singulas
1139 370 1314 421 rectas
1355 370 1485 437 ZA,
1533 370 1675 438 ZM,
1724 371 1847 421 ΖΗ

134 460 348 529 utrique
382 461 497 527 ΖΘ,
538 461 651 510 ΖΚ
674 457 927 527 aequales
967 474 1098 510 esse.
1152 457 1337 526 itaque
1377 456 1616 526 quinque
1655 459 1836 510 rectae

136 552 262 618 ZH,
302 551 419 615 ΖΘ,
458 550 582 613 ΖΚ,
622 550 747 616 ΖΛ,
789 549 920 600 ΖΜ·
946 546 1088 599 inter
1129 564 1186 599 se
1227 545 1478 615 aequales
1520 547 1662 599 sunt.
1732 545 1836 598 ita·

134 655 238 707 que
277 637 369 706 qui
406 639 594 690 centro
635 640 681 689 Z
711 635 864 689 radio
906 638 1090 691 autem
1131 634 1376 704 qualibet
1411 636 1682 688 rectarum
1707 638 1836 704 ZH,

136 729 252 795 ΖΘ,
293 729 418 795 ΖΚ,
459 714 580 795 ZA,
618 728 749 778 ΖΜ
772 723 1091 778 describitur
1130 723 1378 793 circulus,
1416 724 1583 777 etiam
1621 742 1718 793 per
1753 742 1836 777 re-

133 815 283 885 liqua
319 818 526 885 puncta
563 814 746 867 ueniet
784 816 839 866 et
875 817 1052 867 rectas
1084 816 1207 879 AB,
1248 815 1366 881 ΒΓ,
1405 815 1523 881 ΓΔ,
1562 816 1690 883 ΔΕ,
1723 816 1836 866 ΕΑ

133 903 433 974 continget,
472 903 599 974 quia
638 903 826 973 anguli
866 902 934 955 ad
971 906 1174 972 puncta
1211 906 1285 973 Η,
1323 906 1387 973 Θ,
1425 905 1495 973 Κ,
1535 904 1601 971 Λ,
1640 905 1715 955 Μ
1736 921 1835 972 po-

134 992 227 1046 siti
265 992 400 1046 recti
439 994 581 1045 sunt.
638 1010 765 1045 nam
805 992 852 1044 si
882 1009 995 1044 non
1026 992 1320 1062 continget,
1361 990 1454 1044 sed
1487 1010 1578 1046 eas
1612 991 1834 1062 secabit,

133 1080 358 1148 accidet,
395 1084 458 1134 ut
494 1084 644 1135 recta
675 1080 744 1133 ad
776 1080 1099 1133 diametrum
1138 1080 1326 1133 circuli
1357 1080 1416 1132 in
1447 1081 1678 1133 termino
1710 1097 1833 1149 pcr-

131 1169 495 1239 pendicularis
536 1168 696 1222 ducta
734 1168 882 1221 intra
920 1168 1180 1221 circulum
1213 1168 1394 1238 cadat,
1434 1167 1578 1238 quod
1610 1168 1829 1221 demon-

132 1262 365 1313 stratum
418 1261 502 1311 est
540 1257 832 1311 absurdum
873 1275 990 1310 esse
1032 1255 1148 1328 [III,
1192 1258 1301 1324 16].
1376 1257 1560 1327 itaque
1602 1258 1832 1311 circulus

132 1350 317 1401 centro
358 1351 405 1400 Z
458 1346 612 1401 radio
669 1349 850 1399 autem
906 1346 1148 1415 qualibet
1202 1348 1474 1400 rectarum
1524 1349 1659 1416 ΖΗ,
1715 1349 1832 1413 ΖΘ,
1935 1396 1938 1399 ⁴

132 1440 264 1505 ZK,
305 1440 437 1506 ZA,
478 1439 607 1489 ΖΜ
637 1435 939 1504 descriptus
978 1437 1155 1505 rectas
1194 1437 1328 1506 AB,
1369 1436 1495 1505 ΒΓ,
1534 1437 1660 1504 ΓΛ,
1702 1437 1831 1504 ΔΕ,

131 1529 244 1578 EA
287 1543 397 1579 non
439 1525 671 1595 secabit,
713 1541 841 1594 ergo
882 1541 972 1577 eas
1014 1523 1310 1595 continget.
1391 1523 1726 1578 describatur
1764 1526 1827 1577 ut

129 1617 457 1667 ΗΘΚΛΜ

241 1703 392 1774 Ergo
434 1703 491 1756 in
522 1702 709 1755 datum
743 1701 1225 1772 quinquangulum,
1265 1700 1409 1771 quod
1434 1701 1828 1771 aequilaterum

130 1795 186 1844 et
240 1791 661 1862 aequiangulum
716 1793 821 1860 est,
883 1790 1113 1844 circulus
1167 1790 1459 1859 inscriptus
1517 1794 1620 1861 est3
1684 1792 1831 1861 quod

130 1881 419 1950 oportebat
456 1880 586 1933 fieri.

896 1997 1040 2051 XIV.

243 2099 460 2155 Circum
499 2101 686 2155 datum
725 2101 1213 2172 quinquangulum,
1253 2103 1397 2173 quod
1436 2105 1828 2174 aequilaterum

128 2196 183 2245 et
222 2190 643 2261 aequiangulum
684 2193 780 2259 est,
816 2191 1079 2267 circulum
1120 2192 1571 2247 circumscribere.

243 2278 326 2334 Sit
374 2280 559 2333 datum
607 2280 1097 2350 quinquangulum,
1145 2282 1286 2350 quod
1337 2282 1725 2352 aequilaterum
1773 2286 1828 2337 et

128 2368 547 2438 aequiangulum
605 2371 712 2436 est,
764 2370 1058 2422 ΑΒΓΔΕ.
1145 2372 1363 2438 oportet
1408 2371 1576 2440 igitur
1622 2372 1824 2426 circum
1872 2364 1875 2366 ¹

129 2459 426 2511 ΑΒΓΔΕ
462 2457 932 2527 quinquangulum
971 2457 1231 2510 circulum
1265 2457 1715 2513 circumscribere.

128 2636 237 2689 ZK,
273 2636 369 2688 ZA,
402 2635 506 2676 ΖΜ
532 2628 741 2677 εὐθειῶν
774 2631 1042 2690 Gregorius.
1176 2636 1242 2676 16.
1277 2628 1466 2691 κύκλος]
1500 2649 1560 2677 m.
1586 2638 1612 2678 2
1647 2634 1702 2679 V.

131 2697 202 2738 17.
235 2688 498 2748 γεγράφθω
532 2688 615 2752 ὡς]
647 2693 734 2737 καί
763 2688 859 2736 ἐστι
893 2687 1269 2749 ἐγγεγραμμένος
1299 2687 1362 2743 ὡς
1391 2690 1442 2735 in
1471 2706 1561 2738 ras.
1594 2707 1655 2737 m.
1682 2699 1707 2738 2
1741 2694 1791 2739 F.

126 2747 153 2795 ὁ
190 2750 477 2807 ΗΘΚΛΜ]
511 2750 561 2794 in
591 2765 679 2797 ras.
714 2750 769 2807 Ἐς
805 2750 899 2797 litt.
936 2751 1033 2795 ΗΘ
1065 2766 1090 2795 e
1122 2764 1236 2796 corr.
1269 2766 1330 2795 m.
1359 2756 1381 2795 1
1416 2766 1460 2809 p.
1643 2757 1712 2798 20.
1745 2753 1825 2810 γέ-

126 2825 333 2866 γραπται
370 2808 422 2865 V,
476 2804 817 2867 ἐπιγέγραπται
848 2810 898 2856 F.
1066 2814 1136 2855 24.
1171 2803 1198 2854 ὅ
1233 2805 1378 2868 ἔστιν]
1413 2823 1502 2857 om.
1535 2811 1625 2869 Bp.
1751 2816 1824 2860 26.

125 2865 452 2927 πεντάγωνον]
485 2884 577 2926 mg.
612 2885 673 2914 m.
703 2875 724 2913 1
759 2870 807 2915 F.
