1956 3074
541 107 1002 150 ELEMENTORUM
1031 108 1214 149 LIBER
1244 108 1326 150 111.
1690 102 1797 155 189

99 247 286 284 uerum
325 229 456 281 MK
478 252 549 271 =
575 229 716 279 MA.
768 226 950 296 itaque
991 229 1113 279 AK
1134 233 1192 286 <
1225 228 1356 278 AA.
1419 224 1669 278 similiter
1707 224 1798 277 de-

100 316 550 385 monstrabimuS,
605 334 722 369 esse
771 315 937 369 etiam
978 319 1034 367 A
1044 317 1095 367 A
1121 321 1178 374 <
1203 317 1328 367 ΔΘ.
1405 330 1534 383 ergo
1574 305 1799 367 minima

101 410 184 461 est
223 409 359 475 AH,
399 408 454 458 et
494 408 695 465 ΔΚ<
719 408 853 474 ΔΛ,
894 407 1011 457 ΔΛ
1036 411 1094 463 <
1119 406 1243 456 ΛΘ.

213 495 330 548 dico
387 493 574 562 etiam,
629 493 759 547 duas
807 494 952 547 solas
1001 492 1254 562 aequales
1305 510 1337 545 a
1383 493 1584 560 puncto
1639 494 1693 542 A
1733 490 1800 543 ad

106 585 363 639 circulum
425 581 672 635 adoidere
733 583 791 636 in
850 585 1081 652 utraque
1142 584 1299 651 parte
1353 580 1607 634 minimae
1665 583 1719 632 A
1728 583 1799 632 H.

101 675 447 728 construatur
495 671 563 725 ad
609 674 810 725 rectam
863 674 993 724 MA
1044 674 1098 724 et
1142 672 1404 741 punctum
1443 669 1558 722 eius
1599 671 1674 722 M
1680 723 1692 733 ,
1711 687 1802 722 an·

100 762 228 833 gulo
268 763 463 814 KMA
502 760 744 830 aequalis
791 765 826 822 L
854 763 1039 813 AMB
1074 759 1137 828 [1‚
1162 759 1274 827 23]‚
1314 761 1368 812 et
1407 758 1636 811 dueatur
1669 761 1800 811 AB.

101 854 159 904 et
197 850 453 919 quoniam
494 852 625 902 MK
647 874 718 892 =
744 852 882 917 ΜΒ,
923 851 978 902 et
1018 849 1320 902 eommunis
1361 850 1444 901 est
1474 850 1623 917 MA,
1664 847 1800 900 duae

99 943 280 993 rectae
303 942 362 992 Κ
368 942 449 1007 M,
467 942 597 993 MA
621 939 829 992 duabus
854 941 999 1007 ΒΜ,
1024 941 1156 991 MA
1189 937 1442 1007 aequales
1476 943 1600 991 sunt
1632 937 1803 990 altera

102 1028 283 1097 alteri3
323 1031 378 1081 et
401 1032 436 1090 L
461 1031 658 1081 KMA
683 1053 753 1070 =
777 1030 981 1079 ΒΜΔ.
1029 1027 1213 1096 itaque
1247 1030 1370 1080 ΔΚ
1393 1052 1462 1070 =
1488 1030 1600 1083 AB
1645 1026 1802 1094 [I‚4].

102 1117 238 1186 dico,
275 1119 455 1170 rectae
475 1120 531 1168 A
542 1119 598 1169 K
634 1116 915 1185 aequalem
956 1115 1119 1168 aliam
1159 1118 1365 1168 rectam
1404 1133 1516 1168 non
1557 1114 1802 1168 adcidere

103 1205 171 1259 ad
210 1205 470 1259 circulum
512 1224 543 1258 a
582 1207 786 1275 puncto
821 1210 890 1257 A.
931 1223 1076 1274 nam,
1118 1204 1165 1256 si
1202 1204 1320 1257 fieri
1353 1206 1549 1273 potest,
1590 1203 1806 1256 adeidat

102 1298 158 1347 et
196 1295 270 1347 sit
307 1297 444 1347 AN.
482 1294 594 1347 iam
633 1295 890 1363 quoniam
931 1296 1144 1347 AK=
1172 1278 1309 1362 AN,
1347 1296 1402 1346 et
1435 1295 1649 1346 AK=
1676 1296 1805 1362 AB,

103 1382 209 1435 erit
246 1383 411 1436 etiam
451 1386 562 1436 AB
590 1408 659 1426 =
686 1385 831 1448 AN,
880 1383 1105 1453 propior
1159 1382 1416 1435 minimae
1473 1385 1603 1435 AH
1633 1399 1805 1435 remo-

103 1472 254 1541 tiori,
302 1470 446 1540 quod
492 1471 610 1524 fieri
648 1489 762 1524 non
799 1474 980 1540 potest
1020 1472 1094 1538 [11.
1134 1472 1340 1540 supra}
1415 1489 1582 1540 quare
1621 1470 1804 1540 plures

106 1578 269 1629 quam
316 1561 451 1613 duae
500 1561 750 1631 aequales
789 1579 901 1614 non
940 1560 1192 1614 adcident
1231 1559 1299 1613 ad
1339 1560 1598 1614 circulum
1638 1562 1812 1614 ΑΒΓ

115 1667 146 1701 a
188 1652 244 1700 A
281 1652 484 1718 puncto
523 1650 583 1702 in
620 1652 846 1719 utraque
886 1652 1041 1719 parte
1079 1650 1337 1703 minimae
1378 1652 1515 1703 ΔΗ.

214 1750 364 1822 Ergo
419 1752 465 1805 si
505 1755 660 1805 extra
698 1752 961 1805 circulum
1000 1754 1262 1821 punctum
1302 1752 1522 1822 aliquod
1561 1752 1808 1822 sumitur,

106 1845 161 1894 et
198 1841 267 1894 ab
307 1840 410 1893 hoo
447 1843 651 1909 puncto
700 1840 767 1893 ad
808 1840 1070 1894 circulum
1108 1843 1287 1894 rectae
1329 1841 1538 1910 aliquot
1577 1841 1807 1894 educun-

106 2016 268 2073 (prius)
299 2016 350 2072 P,
381 2016 417 2060 F
447 2030 509 2059 m.
538 2020 577 2071 l,
608 2030 660 2072 p3
696 2017 770 2072 ἴση
805 2011 904 2060 ἐστί
932 2015 988 2070 V,
1022 2017 1057 2060 F
1091 2031 1150 2062 m.
1178 2020 1226 2070 23
1262 2011 1387 2061 ἐστιν
1419 2017 1494 2073 ἴση
1528 2015 1581 2061 Β.
1659 2012 1805 2074 ἐστίν]

105 2074 155 2129 P,
188 2089 336 2132 comp.
368 2091 414 2133 p,
448 2070 549 2119 ἐστί
576 2074 734 2132 uulgo.
860 2080 929 2121 14.
963 2071 1044 2134 δή]
1079 2089 1169 2121 om.
1199 2075 1290 2132 Pp.
1414 2075 1536 2134 ΔΚ]
1571 2079 1617 2120 Κ
1636 2074 1686 2119 in
1718 2089 1807 2120 ras.

105 2134 163 2188 V,
196 2137 284 2178 BA
315 2135 373 2189 F3
407 2138 495 2179 AB
514 2151 564 2190 φ.
690 2139 757 2179 15.
790 2132 925 2193 πρὸς]
959 2137 1069 2192 post
1091 2130 1161 2179 κοί
1185 2150 1246 2179 m.
1269 2140 1292 2179 1
1318 2131 1436 2192 πρός
1469 2152 1527 2192 φ;
1559 2149 1654 2208 mg.
1695 2130 1708 2148 ¹
1737 2152 1807 2192 γρ.

106 2190 223 2249 πρὸς
254 2191 337 2238 τὸν
370 2190 546 2238 κύκλον
578 2194 629 2238 F.
753 2199 822 2241 16.
856 2193 1085 2239 -πιπτέτω
1117 2195 1168 2239 in
1198 2208 1289 2240 ras.
1323 2194 1377 2239 V.
1503 2199 1572 2241 17.
1606 2190 1723 2240 αλλοέ
1756 2194 1808 2239 Ρ.

167 2254 290 2311 ΔΚ]
323 2257 419 2298 KA
450 2254 501 2299 F.
625 2253 731 2311 AB]
766 2256 801 2296 B
834 2267 859 2298 e
892 2267 1008 2299 corr.
1041 2254 1096 2298 V.
1231 2258 1298 2299 18.
1333 2250 1449 2313 ἄρα]
1483 2267 1624 2310 supra
1656 2268 1808 2311 comp.

106 2309 143 2355 F
172 2317 292 2358 m.2.
372 2311 555 2369 ἔγγειον
586 2311 635 2370 P,
671 2313 752 2357 sed
777 2326 893 2358 corr.
1020 2318 1088 2359 19.
1122 2309 1348 2368 ἀπωτέρω
1381 2329 1426 2371 p.
1553 2310 1697 2370 ἐστιν]
1731 2314 1810 2358 de-

106 2370 202 2427 1eo;
234 2370 313 2416 cfr.
333 2387 377 2428 p.
400 2377 550 2429 182,9.
675 2367 800 2417 ἐστιν
825 2373 923 2432 ἴση]
956 2387 1045 2419 om.
1064 2388 1108 2430 p,
1142 2374 1338 2430 August.
1463 2367 1682 2431 ἐδείχθη]
1718 2387 1810 2418 om.

107 2429 161 2486 B,
191 2431 387 2488 August.
532 2431 646 2477 Post
674 2432 765 2477 hoc
795 2433 991 2477 uerbum
1023 2432 1197 2490 legitur
1228 2432 1324 2477 alia
1356 2431 1716 2488 demonstratio,
1764 2448 1809 2477 u.

110 2489 308 2546 append.
429 2495 501 2535 20.
535 2486 564 2547 ἢ
597 2487 686 2536 δύο
719 2492 838 2550 ἴσαι]
870 2491 906 2536 Ρ
941 2493 990 2536 et
1021 2491 1120 2537 sine
1152 2492 1292 2536 dub-io
1324 2492 1360 2536 F
1392 2507 1453 2537 m.
1475 2496 1521 2546 13
1555 2486 1741 2536 ἀδύνατ
1774 2509 1808 2548 φ

110 2561 205 2604 seq.
250 2566 299 2593 αι
339 2564 400 2593 m.
427 2555 451 2593 1
498 2552 600 2623 (Ero
643 2547 767 2595 ἄδύν
810 2550 978 2596 habuit
1022 2552 1056 2595 F
1101 2546 1130 2608 ἢ
1176 2548 1306 2607 δύο),
1350 2565 1491 2608 supra
1533 2564 1617 2597 sor.
1663 2547 1810 2608 μόνον

111 2602 303 2652 &eacan
332 2623 393 2653 m.
419 2614 469 2664 23
517 2627 546 2667 η
588 2607 677 2655 δύο
719 2607 867 2667 μόνον
909 2606 1106 2655 εὐθεῖαι
1144 2611 1242 2654 ἴσαι
1274 2611 1334 2666 Β,
1374 2612 1422 2655 et
1453 2610 1509 2666 V,
1551 2609 1631 2655 sed
1662 2606 1810 2667 μόνον

113 2680 173 2711 m.
199 2671 227 2710 2
260 2681 401 2725 supra
432 2683 516 2713 sor.
550 2671 642 2725 est;
675 2665 704 2726 ἢ
738 2666 826 2714 δύο
859 2666 1053 2715 εὐθεῖαι
1084 2670 1466 2726 προσπεσοῦνται
1496 2685 1541 2727 p.
1693 2666 1812 2725 πρός

113 2749 168 2756 -
193 2729 277 2786 21.
308 2728 523 2830 amusing!
568 2725 664 2774 ἀπὸ
709 2729 791 2774 τοῦ
827 2734 870 2773 A
915 2730 1111 2787 σημείου
1155 2730 1535 2786 προσπεσοῦνται
1577 2725 1697 2785 πρὸς
1726 2726 1810 2774 τὸν

113 2786 251 2827 ΑΒΓ
275 2781 447 2831 κύκλον
521 2824 529 2832 .
645 2793 716 2833 21.
749 2785 945 2848 κύκλον]
978 2804 1039 2833 m.
1066 2793 1091 2833 2
1124 2788 1172 2832 F.
1298 2789 1360 2847 A]
1397 2802 1513 2833 corr.
1548 2801 1605 2831 ex
1638 2790 1681 2832 Γ
1707 2788 1764 2833 V.

113 2846 184 2888 22.
227 2847 618 2906 προσπεσοῦνται]
651 2862 741 2892 om.
776 2848 866 2905 Bp.
1007 2853 1077 2893 23.
1113 2844 1208 2892 ἀπὸ
1243 2846 1297 2893 δέ
1317 2862 1433 2905 —p.
1457 2852 1623 2904 190,9:
1657 2843 1811 2905 ἐλαχί-

114 2901 240 2961 στης]
273 2903 352 2948 καὶ
382 2902 439 2949 τὰ
476 2902 583 2963 ἑξῆς
612 2906 806 2953 PBFV.
930 2912 1003 2954 25.
1038 2906 1172 2965 ἔτυχε
1206 2923 1248 2965 p.
