1956 3074
126 103 232 157 168
764 103 1106 147 mommsen
1134 99 1198 160 γ’.

124 224 303 293 γωνία
334 219 445 293 ἄρα
477 218 512 292 ἡ
543 217 656 277 ὑπὸ
683 227 877 277 ΑΔΗ
891 225 1072 296 γωνίᾳ
1100 224 1168 295 τῇ
1199 218 1312 277 ὑπὸ
1336 227 1401 278 Η
1404 227 1515 278 ΔΒ
1542 229 1633 294 ἴση
1660 225 1823 279 ἐστίν.

127 307 264 365 ὅταν
306 307 368 364 δὲ
409 306 607 364 εὐθεῖα
649 307 733 365 ἐπ’
777 307 1011 367 εὐθεῖαν
1050 317 1321 366 σταθεῖσα
1358 309 1457 377 τὰς
1496 312 1691 382 ἐφεξῆς
1722 333 1824 382 γω-

126 401 252 463 νίας
290 403 412 463 ἴσας
450 395 725 469 ἀλλήλαις,
748 401 899 471 ποιῇ,
940 396 1088 471 ὀρθὴ
1122 398 1350 470 ἑκατέρα
1388 403 1501 456 τῶν
1542 407 1681 456 ἴσων
1718 423 1826 471 γω-

126 488 268 542 νιῶν
308 487 479 542 ἐστιν·
522 484 669 558 ὀρθὴ
709 484 819 558 ἄρα
859 487 1008 542 ἐστὶν
1048 484 1082 558 ἡ
1115 484 1228 543 ὑπὸ
1254 493 1449 545 ΗΔΒ.
1502 489 1616 544 ἐστὶ
1642 489 1703 546 δὲ
1733 489 1828 545 καὶ

67 572 162 646 δὴ
216 571 325 630 ὑπὸ
377 580 544 630 ΖΔΒ
597 572 773 648 ὀρθή·
838 581 929 646 ἴση
991 574 1101 648 ἄρα
1155 573 1190 646 ἡ
1238 573 1346 632 ὑπὸ
1396 583 1562 633 ΖΔΒ
1602 581 1668 650 τῇ
1715 575 1828 634 ὑπὸ

128 668 335 733 ΗΔΒ,
381 661 418 735 ἡ,
456 668 656 735 μείζων
702 666 768 737 τῇ
818 663 1088 720 ἐλάττονι·
1156 663 1291 738 ὅπερ
1333 666 1485 721 ἐστὶν
1528 664 1831 723 ἀδύνατον.

131 749 236 808 οὐκ
273 750 384 824 ἄρα
422 751 485 807 τὸ
519 757 584 808 Η
607 752 842 825 κέντρον
883 753 1001 809 ἐστὶ
1028 757 1133 810 τοῦ
1155 760 1330 810 ΑΒΓ
1360 754 1584 811 κύκλου.
1625 753 1837 827 ὁμοίως

133 838 204 911 δὴ
246 842 519 913 δείξομεν,
559 839 644 898 ὅτι
685 839 810 898 οὐδ’
856 840 992 898 ἄλλο
1031 865 1083 898 τι
1126 842 1272 914 πλὴν
1303 846 1406 899 τοῦ
1446 849 1506 900 Ζ.

252 927 326 986 Τὸ
367 937 412 986 Ζ
460 929 569 1003 ἄρα
625 940 856 1002 σημεῖον
910 932 1142 1005 κέντρον
1192 932 1307 988 ἐστὶ
1353 935 1456 988 τοῦ
1502 937 1675 989 ΑΒΓ
1717 931 1834 1001 [mi-

46 1031 104 1070 10
135 1023 314 1090 κλου].

826 1095 1154 1166 Πόρισμα.

245 1194 337 1252 Ἐκ
376 1196 446 1268 δὴ
487 1196 692 1253 τούτου
732 1196 1002 1269 φανερόν,
1049 1195 1132 1254 ὅτι
1174 1197 1274 1254 ἐὰν
1314 1200 1375 1254 έν
1414 1197 1597 1274 κύκλῳ
1640 1196 1837 1254 εὐθεῖά

135 1308 218 1352 τις
257 1284 493 1341 εὐθεῖάν
531 1307 656 1341 τινα
696 1289 825 1358 δίχα
863 1285 955 1341 καὶ
994 1284 1132 1358 πρὸς
1172 1285 1354 1358 ὀρθὰς
1388 1287 1578 1360 τέμνῃ,
1619 1287 1706 1342 ἐπὶ
1738 1290 1840 1357 τῆς

137 1373 446 1446 τεμνούσης
487 1375 600 1430 ἐστὶ
639 1373 702 1430 τὸ
743 1375 979 1447 κέντρον
1017 1378 1118 1431 τοῦ
1158 1374 1381 1431 κύκλου.
1427 1409 1497 1416 -
1548 1373 1682 1447 ὅπερ
1727 1378 1841 1430 ἔδει

53 1475 107 1516 15
143 1465 387 1534 ποιῆσαι.

251 1668 397 1726 Ἐὰν
435 1670 689 1726 κύκλου
730 1671 831 1726 ἐπὶ
862 1674 974 1741 τῆς
1004 1676 1430 1744 περιφερείας
1461 1674 1684 1743 ληφθῇ
1719 1670 1839 1727 δύο

142 1758 428 1831 τυχόντα
461 1770 724 1830 σημεῖα,
757 1758 792 1831 ἡ
826 1760 928 1815 ἐπὶ
959 1762 1034 1815 τὰ
1060 1771 1298 1831 σημεῖα
1324 1761 1839 1831 ἐπιζευγνυμένη

147 1846 382 1904 εὐθεῖα
422 1847 606 1914 ἐντὸς
645 1859 941 1905 πεσεῖται
980 1852 1096 1905 τοῦ
1137 1848 1401 1905 κύκλου.

56 1951 113 1991 20
241 1935 423 1992 ’Ἑστω
462 1935 684 2010 ζκύκλος
739 1935 771 1994 ὁ
810 1943 1000 2008 ΑΒΓ,
1058 1938 1150 1993 καὶ
1200 1938 1285 1994 ἐπὶ
1339 1941 1436 2009 τῆς
1490 1942 1846 2010 περιφερείας

146 2028 322 2082 αὐτοῦ
364 2025 621 2098 εἰλήφθω
662 2025 768 2082 δύο
807 2029 1047 2098 τυχόντα
1088 2037 1286 2098 σημεῖα
1324 2024 1390 2081 τὰ
1432 2034 1509 2097 Α,
1549 2032 1620 2081 Β·
1682 2028 1845 2097 λέγω,

148 2113 235 2171 ὅτι
274 2113 308 2186 ἡ
350 2113 458 2170 ἀπὸ
498 2119 600 2171 τοῦ
641 2124 693 2170 Α
735 2116 822 2171 ἐπὶ
860 2113 923 2171 τὸ
964 2121 1011 2171 Β
1053 2117 1481 2186 ἐπιζευγνυμένη
1527 2113 1722 2170 εὐθεῖα
1763 2116 1845 2170 ἐν·

146 2204 242 2269 τὸς
283 2215 528 2259 πεσεῖται
566 2207 667 2260 τοῦ
703 2203 927 2260 κύκλου.

262 2292 362 2364 Μὴ
418 2292 552 2364 γάρ,
608 2291 730 2348 ἀλλ’
782 2296 832 2348 εἰ
877 2292 1150 2361 δυνατόν,
1199 2293 1436 2348 πιπτέτω
1486 2289 1638 2357 ἐκτὸς
1686 2288 1762 2357 ὡς
1810 2288 1845 2362 ἡ

61 2394 119 2434 25
150 2387 336 2451 AER,
376 2382 470 2436 καὶ
509 2381 765 2453 εἰλήφθω
804 2380 867 2437 τὸ
899 2383 1133 2453 κέντρον
1164 2384 1266 2437 τοῦ
1291 2385 1464 2436 ΑΒΓ
1486 2379 1713 2449 κύκλου,
1752 2379 1847 2434 καὶ

269 2530 404 2586 Prop.
431 2531 451 2573 I
483 2525 588 2586 πόρ.
622 2529 815 2574 Procius
832 2544 892 2587 p.
920 2535 1006 2574 304
1026 2536 1064 2574 6.
1124 2528 1390 2586 Simplicius
1414 2529 1462 2572 in
1486 2528 1620 2585 phys.
1646 2526 1725 2571 fol.
1749 2530 1846 2572 14¹².

274 2669 313 2709 1.
348 2660 474 2709 ἐστιν
507 2665 581 2720 ἴση
614 2678 659 2720 p.
783 2667 823 2707 3.
857 2658 982 2719 ὀρθή
1018 2659 1141 2706 ἔστιν
1173 2676 1218 2719 p.
1341 2662 1475 2720 ἴσων]
1509 2675 1597 2705 om.
1631 2660 1681 2704 P.
1805 2664 1846 2703 4.

154 2719 301 2782 ἔστιν]
335 2737 424 2768 om.
458 2739 502 2780 p.
639 2721 806 2780 ΗΔΒ]
842 2724 984 2765 ΔΗΒ
1018 2739 1067 2776 φ.
1206 2727 1246 2766 6.
1281 2720 1445 2778 ΗΔΒ]
1477 2719 1526 2763 in
1557 2732 1645 2762 ras.
1677 2719 1726 2763 F.

155 2778 359 2829 ἐλάττων
389 2782 446 2839 τῇ
479 2782 657 2839 μείζονι
691 2781 740 2825 Ρ.
887 2786 924 2825 7.
961 2777 1085 2825 ἐστίν
1118 2781 1173 2825 V.
1297 2779 1460 2837 ΑΒΓ]
1493 2781 1640 2822 ΗΒΓ
1668 2794 1704 2833 φ
1737 2779 1849 2832 (non

154 2841 222 2898 F).
377 2847 415 2886 8.
452 2835 583 2898 οὐδ’]
619 2836 732 2885 οὐδέ
765 2838 813 2884 P.
968 2845 1007 2884 9.
1042 2835 1156 2898 ἄρα]
1191 2852 1280 2884 om.
1314 2839 1364 2882 F.
1519 2833 1642 2882 ἐστίν
1674 2836 1774 2880 PV.

159 2895 359 2958 κύκλου]
395 2915 482 2944 om.
517 2899 565 2944 P.
694 2905 761 2944 11.
795 2895 1023 2957 πόρισμα]
1061 2912 1149 2943 om.
1182 2898 1231 2944 F.
1357 2903 1426 2942 12.
1460 2914 1528 2948 τις
1559 2892 1734 2941 sivetu
1764 2894 1819 2938 V.
