1956 3074
125 1092 180 1133 10

126 1539 180 1579 15

125 1983 181 2023 20

212 137 321 191 206
852 136 1187 180 ΣΤοΙΧΕΙΩΗ
1217 132 1282 192 γ’.

1014 291 1069 324 ιε
1096 312 1108 325 .

318 371 418 428 Ἐν
472 371 685 448 κύκλῳ
742 376 1021 443 μεγίστη
1086 370 1205 442 μὲν
1266 368 1300 442 ἡ
1366 369 1718 442 διάμετρος
1777 373 1906 425 τῶν

216 462 285 518 δὲ
340 460 555 516 ἄλλων
606 459 707 516 ἀεὶ
762 461 796 532 ἡ
843 464 1070 530 ἔγγιον
1108 463 1226 515 τοῦ
1266 459 1549 531 κέντρου
1587 462 1700 529 τῆς
1739 455 1907 514 ἀπώ-

212 571 410 622 τερον
450 555 688 620 μείζων
728 550 924 604 ἐστίν.

310 637 492 694 ’Ἑστω
531 637 732 703 κύκλος
774 635 803 693 ὁ
842 641 1082 707 ΑΒΓΔ,
1124 636 1418 707 διάμετρος
1458 636 1519 692 δὲ
1559 634 1736 692 αὐτοῦ
1769 639 1907 692 ἔστω

212 725 247 798 ἡ
288 732 431 798 ΑΔ,
485 727 718 799 κέντρον
765 725 827 782 δὲ
872 724 936 782 τὸ
988 731 1063 796 Ε,
1117 726 1210 780 καὶ
1258 729 1446 796 ἔγγιον
1498 725 1599 796 μὲν
1646 728 1744 797 τῆς
1791 732 1910 780 ΑΔ

213 816 514 888 διαμέτρου
553 819 690 871 ἔστω
725 813 906 886 ἡΒΓ,
947 812 1236 886 ἀπώτερον
1276 813 1338 869 δὲ
1378 811 1578 884 ἡΖΗ·
1619 815 1781 885 λέγω,
1822 811 1909 869 ὅτι

213 908 439 975 μεγίστη
480 904 581 975 μέν
621 905 772 959 ἐστιν
812 901 846 974 ἡ
886 910 1029 974 ΑΔ,
1084 908 1283 975 μείζων
1325 901 1386 958 δὲ
1425 899 1459 973 ἡ
1501 907 1610 957 ΒΓ
1641 905 1739 973 τῆς
1779 908 1908 958 ΖΗ.

309 991 619 1064 ’Ήχθωσαν
651 990 758 1065 γὰρ
791 989 901 1048 ἀπὸ
936 995 1039 1047 τοῦ
1063 997 1116 1046 Ε
1134 992 1370 1063 κέντρου
1403 990 1490 1046 ἐπὶ
1522 988 1619 1056 τὰς
1643 996 1765 1061 ΒΓ,
1798 997 1913 1046 ΖΗ

211 1081 443 1137 κάθετοι
484 1084 548 1136 αἱ
575 1087 696 1151 ΕΘ,
738 1086 861 1136 ΕΚ.
901 1081 993 1135 καὶ
1034 1080 1149 1136 ἐπεὶ
1186 1084 1377 1151 ἔγγιον
1409 1080 1511 1151 μὲν
1543 1082 1644 1135 τοῦ
1675 1080 1910 1152 κέντρου

213 1170 363 1226 ἐστὶν
403 1168 436 1241 ἡ
477 1175 606 1240 ΒΓ,
648 1167 938 1241 ἀπώτερον
978 1169 1041 1225 δὲ
1078 1169 1112 1240 ἡ
1153 1175 1283 1238 ΖΗ,
1333 1174 1532 1240 μείζων
1573 1163 1683 1240 ἄρα
1722 1165 1756 1239 ἡ
1798 1171 1914 1223 ΕΚ

211 1263 308 1331 τῆς
348 1265 466 1314 ΕΘ.
541 1263 751 1315 κείσθω
797 1261 864 1332 τῇ
906 1264 1010 1314 ΕΘ
1057 1265 1149 1329 ἴση
1190 1255 1223 1330 ἡ
1267 1264 1393 1327 ΕΛ,
1445 1258 1537 1313 καὶ
1578 1254 1671 1312 διὰ
1713 1259 1816 1312 τοῦ
1856 1261 1909 1311 A

211 1350 277 1421 τῇ
311 1353 427 1402 ΕΚ
454 1346 595 1419 πρὸς
634 1345 813 1420 ὀρθὰς
852 1344 1090 1419 ἀχθεῖσα
1129 1343 1163 1417 ἡ
1198 1351 1332 1401 ΛΜ
1355 1345 1574 1417 διήχθω
1617 1345 1703 1401 ἐπὶ
1735 1343 1798 1400 τὸ
1834 1351 1909 1415 Ν,

211 1436 303 1491 καὶ
345 1434 766 1508 ἐπεζεύχθωσαν
806 1437 868 1490 αἰ
900 1440 1040 1505 ΜΕ,
1079 1439 1213 1504 ΕΝ,
1256 1439 1378 1503 ΖΕ,
1420 1437 1548 1488 ΕΗ.

324 1524 438 1579 Καὶ
480 1523 594 1580 ἐπεὶ
636 1531 728 1595 ἴση
770 1523 920 1579 ἐστὶν
960 1521 993 1594 ἡ
1036 1528 1140 1578 ΕΘ
1178 1525 1245 1594 τῇ
1286 1526 1414 1593 ΕΛ,
1455 1529 1546 1592 ἴση
1589 1521 1702 1576 ἐστὶ
1741 1520 1832 1575 καὶ
1872 1518 1907 1592 ἡ

212 1617 323 1668 ΒΓ
345 1616 411 1686 τῇ
447 1618 590 1669 ΜΝ.
629 1612 816 1683 πάλιν,
857 1612 973 1668 ἐπεὶ
1014 1619 1104 1682 ἴση
1146 1610 1297 1667 ἐστὶν
1333 1607 1495 1681 ἡμὲν
1527 1617 1579 1665 Α
1591 1615 1642 1664 Ε
1668 1613 1734 1682 τῇ
1770 1611 1909 1681 EM,

212 1699 246 1772 ἡ
289 1701 351 1758 δὲ
382 1707 498 1756 ΕΔ
528 1705 593 1775 τῇ
627 1707 763 1772 ΕΝ,
803 1699 837 1773 ἡ
872 1700 980 1774 ἄρα
1011 1707 1130 1756 ΑΔ
1153 1711 1273 1765 ταῖς
1297 1705 1439 1770 ΜΕ,
1480 1703 1601 1753 ΕΝ
1620 1705 1710 1769 ἴση
1746 1700 1910 1755 ἐστίν.

212 1788 335 1849 ἀλλ’
380 1792 443 1845 αἱ
478 1790 580 1862 μὲν
622 1797 761 1861 ΜΕ,
803 1796 924 1846 ΕΝ
955 1793 1052 1861 τῆς
1090 1794 1229 1844 ΜΝ
1253 1788 1498 1859 μείζονές
1537 1790 1679 1842 εἰσιν
1721 1787 1834 1860 [καὶ
1875 1783 1908 1858 ἡ

214 1887 331 1935 ΛΔ
378 1883 475 1951 τῆς
519 1884 658 1934 ΜΝ
697 1883 896 1950 μείζων
938 1880 1131 1947 ἐστίν],
1172 1884 1263 1948 ἴση
1317 1876 1377 1931 δὲ
1417 1873 1451 1947 ἡ
1493 1881 1631 1930 ΜΝ
1670 1878 1736 1948 τῇ
1778 1880 1910 1930 ΒΓ·

214 1967 247 2040 ἡ
289 1975 405 2023 ΑΔ
455 1965 566 2039 ἄρα
614 1970 712 2038 τῆς
750 1972 860 2022 ΒΓ
904 1971 1103 2038 μείζων
1150 1966 1315 2022 ἐστίν.
1394 1964 1486 2019 καὶ
1534 1963 1648 2020 ἐπεὶ
1698 1963 1803 2019 δύο
1853 1965 1915 2018 αἰ

213 2063 362 2126 ΜΕ,
414 2060 535 2111 ΕΝ
580 2054 686 2111 δύο
738 2066 858 2120 ταῖς
899 2060 1029 2124 ΖΕ,
1087 2059 1210 2109 ΕΗ
1241 2061 1356 2109 ἴσαι
1397 2055 1559 2123 εἰσίν,
1600 2052 1692 2107 καὶ
1732 2056 1910 2123 γωνία

214 2143 247 2217 ἡ
288 2144 397 2201 ὑπὸ
439 2149 634 2200 ΜΕΝ
672 2148 880 2215 γωνίας
925 2146 1021 2214 τῆς
1068 2140 1179 2198 ὑπὸ
1227 2146 1404 2197 ΖΕΗ
1450 2146 1649 2212 μείζων
1690 2142 1910 2211 [ἐστίν],

213 2233 376 2305 βάσις
415 2232 524 2305 ἄρα
563 2230 597 2304 ἡ
634 2238 773 2288 ΜΝ
797 2231 1012 2303 βάσεως
1050 2235 1148 2303 τῆς
1180 2236 1299 2286 ΖΗ
1322 2235 1522 2302 μείζων
1563 2230 1728 2285 ἐστίν.
1770 2227 1911 2285 ἀλλὰ

337 2402 375 2440 1.
410 2393 477 2450 ιζ’
513 2410 628 2440 eras.
662 2395 711 2439 F.
859 2401 899 2438 2.
933 2393 1021 2453 μέν
1055 2392 1179 2439 ἐστιν
1211 2393 1351 2451 BVp.
1489 2398 1529 2437 3.
1564 2390 1648 2494 &Q
1675 2387 1722 2436 δ’
1758 2391 1848 2464 Bp.

216 2453 400 2513 ἔγγειον
430 2456 483 2513 Ρ,
516 2455 598 2499 sed
630 2468 762 2508 corr„
795 2454 850 2498 ut
880 2453 960 2499 lin.
997 2460 1035 2499 6.
1072 2458 1141 2498 10.
1264 2453 1348 2509 τῆς
1381 2448 1461 2495 διὰ
1493 2451 1578 2497 τοῦ
1651 2488 1660 2496 .
1783 2467 1910 2495 απω-

214 2514 332 2572 τέρω
366 2531 410 2572 p.
512 2519 551 2559 5.
588 2512 724 2572 ἔστω]
758 2527 847 2558 om.
880 2529 925 2571 p.
1051 2518 1090 2557 7.
1124 2513 1237 2557 Post
1268 2509 1521 2568 διαμέτρου
1552 2524 1641 2554 ras.
1676 2515 1701 2554 3
1732 2509 1823 2555 litt.
1859 2510 1909 2554 F.

276 2579 317 2620 9.
351 2575 413 2633 Ε]
449 2588 590 2631 supra
619 2589 678 2617 m.
706 2579 732 2617 2
764 2571 819 2617 V.
970 2577 1036 2618 12.
1071 2573 1177 2617 ΕΘ.
1218 2572 1396 2616 κείσθω
1428 2570 1483 2629 τῇ
1518 2570 1633 2628 ΕΘ]
1668 2584 1761 2626 mg.
1795 2585 1855 2613 m.
1881 2574 1907 2613 2

214 2634 271 2679 V.
394 2635 476 2678 καὶ
506 2634 683 2678 κείσθω
716 2632 766 2678 Β.
875 2633 950 2687 ἴση
984 2628 1012 2687 ἡ
1047 2633 1156 2688 ΕΛ]
1187 2631 1237 2675 in
1266 2644 1354 2675 rae.
1389 2632 1498 2674 ante
1528 2629 1745 2673 lacunam
1777 2628 1908 2673 mitt.

215 2693 270 2738 V.
407 2698 475 2738 14.
509 2694 620 2736 EM
644 2691 787 2748 BVp.
919 2693 1004 2734 EZ
1035 2706 1079 2748 p.
1206 2691 1302 2734 HE
1332 2688 1382 2734 P.
1521 2694 1588 2733 15.
1623 2684 1745 2746 ἔστί]
1785 2683 1910 2731 ἐστίν

213 2751 354 2797 PBF.
488 2757 558 2796 16.
593 2749 699 2810 μέν]
731 2765 792 2794 m.
819 2756 845 2795 2
876 2750 932 2796 V.
1094 2755 1162 2794 17.
1204 2749 1319 2807 ΕΛ]
1353 2751 1397 2792 Δ
1425 2763 1486 2793 m.
1512 2753 1538 2792 2
1570 2747 1625 2791 V.
1779 2746 1905 2804 EN]

216 2811 337 2868 (aliz.)
368 2814 421 2856 N
450 2825 475 2855 e
508 2825 624 2869 corr,
658 2810 696 2853 V
730 2826 790 2855 m.
818 2815 859 2854 2.
1006 2813 1074 2854 18.
1107 2804 1223 2854 ἀλλά
1256 2809 1305 2853 P.
1429 2805 1537 2865 μέν]
1579 2821 1668 2851 om.
1702 2805 1849 2862 BVp.

215 2873 335 2927 EN,
369 2873 483 2915 EM
514 2871 572 2925 F;
606 2872 731 2924 ΕΜ,
766 2871 869 2914 ΕΝ
895 2885 939 2927 p.
1073 2870 1259 2925 μείζους
1290 2883 1335 2924 p.
1460 2865 1600 2924 εἰσιν]
1634 2864 1786 2918 PBF3
1820 2862 1911 2908 εἰσι

214 2929 311 2986 Vp.
461 2934 527 2974 19.
563 2925 656 2986 ἄρα
688 2929 770 2985 τῆς
799 2944 845 2986 p.
970 2925 1071 2972 ἔστί
1096 2927 1151 2971 V.
1298 2930 1373 2982 ἴση
1405 2923 1458 2970 δὲ
1490 2921 1520 2981 ἡ
1548 2951 1600 2957 -
1628 2929 1706 2969 2οε
1741 2925 1910 2980 μείζων
