1956 3074
163 70 272 122 216
802 63 1140 116 ΣΤΟῙΧΕΙᾩΝ
1170 70 1232 130 γ’.

1918 0 1956 154 1.

163 192 266 244 τοῦ
312 194 484 244 ΑΒΓ
529 188 741 244 κύκλου
786 188 850 244 τὸ
901 195 971 260 Ζ,
1025 190 1119 245 καὶ
1167 189 1275 246 ἀπὸ
1321 194 1423 247 τοῦ
1472 197 1517 246 Ζ
1566 192 1654 246 ἐπὶ
1699 191 1762 248 τὸ
1812 195 1860 248 Γ
1952 185 1956 222 1

166 277 476 349 ἐπεζεύχθω
515 276 547 349 ἡ
592 283 723 333 ΖΓ·
762 279 923 348 λέγω,
965 276 1050 333 ὅτι
1089 276 1124 349 ἡ
1163 284 1270 334 ΖΓ
1300 279 1540 345 κάθετός
1579 282 1728 335 ἐστιν
1770 281 1852 335 ἐπὶ
1948 295 1956 354 j·

165 365 268 437 τὴν
309 372 436 421 ΔΕ.

277 458 350 510 Εί
387 453 494 527 γὰρ
531 454 624 525 μή,
664 453 823 524 ἤχθω
865 452 973 509 ἀπὸ
1014 458 1116 510 τοῦ
1150 461 1195 509 Ζ
1228 457 1316 511 ἐπὶ
1354 456 1458 527 τὴν
1484 464 1598 512 ΛΕ
1622 457 1856 521 κάθετος

105 554 131 596 5
164 541 198 614 ἡ
241 549 368 599 ΖΗ.

271 630 420 687 Ἐπεὶ
469 625 573 686 οὖν
620 630 654 702 ἡ
702 629 812 686 ὑπὸ
855 636 1030 686 ΖΗΓ
1068 636 1247 702 γωνία
1289 630 1438 703 ὀρθή
1480 635 1652 702 ἐστιν,
1706 630 1857 698 ὀξεῖα

164 719 273 792 ἄρα
314 720 465 775 ἐστὶν
504 719 539 791 ἡ
579 718 688 775 ὑπὸ
732 724 926 774 ΖΓΗ·
988 717 1098 775 ὑπὸ
1140 721 1202 775 δὲ
1240 720 1344 791 τὴν
1383 727 1603 793 μείζονα
1641 725 1859 791 γωνίαν

164 807 198 880 ἡ
230 814 430 880 μείζων
462 807 672 880 πλευρὰ
706 806 1007 864 ὑποτείνει·
1043 813 1244 880 μείζων
1277 809 1386 878 ἄρα
1419 808 1585 880 ἡΖΓ
1601 812 1698 880 τῆς
1723 814 1855 881 ΖΗ·

165 904 257 969 ἴση
299 898 360 954 δὲ
399 895 434 969 ἡ
477 902 585 952 ΖΓ
614 901 680 970 τῇ
716 903 848 952 ΖΒ·
890 902 1091 967 μείζων
1131 896 1241 969 ἄρα
1279 899 1372 953 καὶ
1405 897 1438 969 ἡ
1474 904 1575 953 ΖΒ
1607 901 1703 969 τῆς
1747 902 1869 952 ΖΗ

78 984 198 1057 1οἡ
240 985 483 1042 ἐλάττων
529 989 627 1056 τῆς
673 990 953 1056 μείζονος·
1017 983 1152 1057 ὅπερ
1201 986 1351 1041 ἐστὶν
1392 985 1691 1042 ἀδύνατον.
1756 984 1862 1041 οὐκ

164 1073 275 1147 ἄρα
321 1072 355 1144 ἡ
405 1079 527 1128 ΖΗ
570 1073 813 1138 κάθετός
860 1075 1010 1129 ἐστιν
1057 1074 1144 1129 ε’πὶ
1194 1072 1298 1144 τὴν
1338 1080 1464 1129 ΔΕ.
1544 1073 1749 1145 ὁμοίως
1789 1072 1858 1145 δὴ

165 1164 439 1234 δείξομεν,
480 1160 563 1218 ὅτι
605 1160 729 1217 οὐδ’
782 1161 920 1233 ἄλλη
952 1184 1034 1227 τις
1073 1161 1220 1233 πλὴν
1259 1165 1353 1233 τῆς
1387 1167 1514 1217 ΖΓ·
1555 1161 1588 1234 ἡ
1623 1167 1732 1218 ΖΓ
1752 1161 1861 1234 ἄρα

163 1249 402 1316 κάθετός
442 1252 592 1306 ἐστιν
634 1250 722 1305 ἐπὶ
761 1247 863 1320 τὴν
906 1257 960 1304 Δ
971 1256 1035 1304 Ε.

272 1337 406 1395 Ἐὰν
459 1337 569 1410 ἄρα
622 1337 833 1393 κύκλου
880 1337 1193 1409 ἐφάπτηταί
1234 1360 1317 1403 τις
1363 1336 1584 1408 εὐθεῖα,
1638 1336 1747 1394 ἀπὸ
1801 1339 1864 1395 δὲ

82 1441 135 1481 15
169 1431 271 1485 τοῦ
324 1427 560 1497 κέντρου
609 1426 696 1481 ἐπὶ
742 1425 846 1497 τὴν
892 1424 1048 1498 ἁφὴν
1095 1428 1387 1499 ἐπιζευχθῇ
1432 1449 1513 1491 τις
1551 1425 1772 1497 εὐθεῖα,
1827 1425 1862 1498 ἡ

167 1521 550 1587 ἐπιζευχθεῖσα
611 1513 850 1580 κάθετος
917 1518 1068 1570 ἔσται
1132 1515 1219 1570 ἐπὶ
1280 1513 1382 1586 τὴν
1447 1516 1863 1586 ἐφαπτομένην·

169 1604 305 1677 ὅπερ
346 1608 458 1660 ἔδει
500 1605 688 1670 δεῖξαι.
1003 1677 1068 1732 θ’

973 1701 991 1732 ι
1073 1722 1085 1734 .

275 1781 425 1837 Ἐὰν
477 1780 726 1836 κύκλου
777 1780 1154 1851 ἐφάπτηταί
1196 1802 1291 1845 τις
1331 1778 1589 1851 εὐθεῖα,
1631 1779 1753 1836 ἀπὸ
1796 1781 1864 1837 δὲ
1950 1839 1951 1842 ,

82 1885 140 1924 20
173 1874 285 1942 τῆς
330 1868 502 1942 ἁφῆς
549 1873 621 1941 τῇ
665 1870 1081 1941 ἐφαπτομένῃ
1122 1867 1284 1940 πρὸς
1323 1867 1532 1941 ὀρθὰς
1575 1874 1864 1939 [γωνίας]

169 1957 403 2015 εὐθεῖα
451 1955 715 2030 γραμμὴ
763 1954 964 2028 ἀχθῇ,
1013 1957 1113 2011 ἐπὶ
1160 1960 1270 2028 τῆς
1318 1954 1637 2028 ἀχθείσης
1685 1962 1867 2014 ἔσται

168 2047 238 2104 τὸ
280 2047 558 2117 κέντρον
597 2048 715 2100 τοῦ
754 2044 1016 2100 κύκλου.

282 2135 515 2192 Κύκλου
562 2134 669 2206 γὰρ
719 2137 819 2189 τοῦ
868 2139 1038 2189 ΑΒΓ
1089 2136 1420 2206 ἐφαπτέσθω
1468 2157 1550 2200 τις
1596 2131 1790 2190 εὐθεῖα
1830 2132 1866 2205 ἡ

171 2233 226 2280 Δ
240 2230 287 2279 Ε
322 2220 459 2278 κατὰ
499 2220 562 2277 τὸ
605 2227 658 2277 Γ
691 2233 942 2293 σημεῖον,
981 2222 1074 2276 καὶ
1114 2220 1224 2278 ἀπὸ
1266 2226 1367 2279 τοῦ
1407 2228 1457 2279 Γ
1480 2227 1547 2296 τῇ
1582 2229 1699 2278 ΔΕ
1725 2221 1870 2295 πρὸς
1951 2290 1956 2295 1

81 2327 138 2368 25
172 2311 354 2386 ὀρθὰς
400 2311 560 2384 ἤχθω
608 2309 642 2381 ἡ
693 2315 822 2365 ΓΑ·
899 2312 1067 2381 λέγω,
1117 2309 1202 2367 ὅτι
1242 2312 1329 2367 ἐπὶ
1368 2315 1466 2383 τῆς
1506 2316 1617 2367 ΛΓ
1651 2313 1764 2367 ἐστι
1802 2310 1867 2367 τὸ

169 2402 404 2472 κέντρον
442 2403 544 2455 τοῦ
583 2399 809 2454 κύκλου.

291 2555 330 2593 1.
364 2545 416 2592 τὸ
451 2548 504 2606 Ζ]
539 2546 620 2591 καὶ
654 2545 769 2591 ἔστω
800 2543 853 2591 τὸ
888 2550 922 2590 Ζ
955 2547 1008 2590 V.
1157 2552 1196 2592 6.
1231 2543 1344 2605 ὑπό]
1379 2562 1520 2605 supra
1549 2562 1608 2592 m.
1636 2553 1661 2591 2
1695 2547 1744 2591 F.

174 2628 215 2668 7.
244 2622 420 2694 ΖΓΗ]
454 2621 552 2677 ΡΒ,
575 2608 738 2666 ΖΓΗ
764 2621 822 2674 F;
855 2623 997 2663 ΗΓΖ
1028 2620 1123 2677 Vp.
1277 2620 1381 2676 Seq.
1415 2623 1519 2677 μείς
1519 2638 1582 2664 ων
1614 2617 1708 2674 ἄρα
1741 2616 1866 2664 ἐστὶν

171 2679 199 2739 ἡ
234 2678 328 2726 ὑπὸ
362 2683 509 2725 ΖΗΓ
537 2682 619 2736 τῆς
650 2676 744 2725 ὑπὸ
778 2682 924 2723 ΖΓΗ
951 2679 994 2723 V
1026 2681 1075 2724 et
1099 2694 1189 2724 om.
1216 2675 1341 2723 ἐστίν
1372 2681 1407 2723 F
1442 2679 1508 2737 (in
1538 2695 1630 2736 mg.
1653 2679 1869 2735 transit);

173 2740 773 2857 ¹1¹3.Y2]¹¹3053{.⁸333¹}s
801 2741 848 2783 et
881 2742 1177 2842 Ξῖἷσσωνὲ.
1203 2738 1462 2855 ““‘].3·;2.²]
1488 2738 1668 2866 ἷὼῗῗζ
1699 2754 1744 2795 Ρ
1797 2801 1867 2841 11

173 2858 255 2917 δή]
290 2873 404 2903 corr.
438 2872 494 2902 ex
525 2859 607 2902 δεῖ
629 2873 690 2902 m.
717 2862 742 2901 2
775 2857 824 2901 F.
950 2863 1018 2901 12.
1053 2853 1168 2901 οὐδέ
1199 2857 1287 2913 Bp.
1413 2863 1481 2902 13.
1515 2854 1623 2914 τήν]
1659 2857 1740 2913 τῆς
1772 2856 1822 2900 F.
