1956 3074
189 150 296 204 100
822 151 1159 195 ΣΤΟΙΧΕῙΩΝ
1189 147 1257 196 α’.

186 268 583 340 ληλόγραμμον
623 269 953 324 συνέσταται
991 266 1055 324 τὸ
1098 274 1333 324 ΖΕΓΗ
1355 271 1416 325 ἐν
1455 275 1635 345 γωνίᾳ
1665 274 1731 343 τῇ
1763 269 1874 327 ὑπὸ

182 362 370 428 ΓΕΖ,
410 354 533 428 ἥτις
571 357 720 413 ἐστὶν
760 363 853 428 ἴση
891 360 957 429 τῇ
999 363 1080 411 Δ·
1121 355 1256 430 ὅπερ
1298 361 1410 413 ἔδει
1448 361 1691 430 ποιῆσαι.

296 590 561 657 Παντὸς
619 526 1317 664 παραλληλῖἴρᾶμμου
1376 595 1504 648 τῶν
1560 595 1709 666 περὶ
1762 591 1880 665 τὴν

127 694 153 735 5
187 680 547 753 διαμετρον
586 679 1299 752 παραλληλογραμμων
1337 679 1412 735 τὰ
1451 681 1882 754 παραπληρώ-

99 1137 153 1178 10

100 1579 153 1619 15

100 2024 157 2063 20

183 790 351 839 ματα
391 775 500 823 ἶσα
539 766 858 839 ἀλλήλοις
898 770 1093 823 ἐστίν.

280 854 461 912 Ἔστω
500 856 1083 929 παραλληλόγραμμον
1113 856 1176 913 τὸ
1211 862 1453 928 ΑΒΓΔ,
1495 858 1790 932 διαμετρος
1820 861 1883 917 δὲ

183 943 361 1000 αὐτοῦ
400 942 435 1015 ἡ
476 949 602 1016 ΑΓ,
641 946 768 1018 περὶ
807 944 871 1001 δὲ
909 943 1011 1017 τὴν
1052 950 1166 1000 ΑΓ
1190 947 1742 1021 παραλληλόγραμμα
1781 949 1883 1021 μὲν

184 1037 323 1089 ἔστω
363 1053 430 1088 τα
465 1039 587 1103 ΕΘ,
622 1039 751 1103 ΖΗ,
789 1032 856 1089 τὰ
889 1034 952 1090 δὲ
983 1033 1256 1105 λεγόμενα
1286 1035 1780 1109 παραπληρώματα
1814 1037 1881 1093 τὰ

186 1127 315 1193 ΒΚ,
354 1127 496 1177 ΚΔ·
558 1123 720 1193 λέγω,
760 1120 846 1178 ὅτι
885 1130 1012 1179 ἴσον
1054 1123 1168 1179 ἐστὶ
1205 1122 1268 1179 τὸ
1311 1130 1427 1179 ΒΚ
1462 1125 1883 1198 παραπλήρωμα

183 1213 260 1285 τῷ
301 1215 359 1265 Κ
369 1217 424 1265 Δ
463 1209 955 1283 παραπληρώματι.

292 1297 441 1354 Ἐπεὶ
480 1297 589 1370 γὰρ
627 1299 1212 1373 παραλληλόγραμμόν
1243 1303 1356 1356 ἐστι
1388 1299 1450 1357 τὸ
1485 1307 1732 1372 ΑΒΓΔ,
1767 1302 1886 1358 διοί-

186 1408 383 1459 μετρος
426 1386 490 1443 δὲ
528 1386 707 1443 αὐτοῦ
745 1386 781 1459 ἡ
822 1393 951 1459 ΑΓ,
979 1395 1107 1445 ἴσον
1147 1389 1261 1444 ἐστὶ
1299 1388 1362 1445 τὸ
1405 1395 1576 1445 ΑΒΓ
1607 1395 1886 1462 τρίγωνον

184 1478 260 1550 τῷ
316 1481 482 1531 ΑΓΔ
534 1476 805 1552 τριγώνῳ.
881 1476 1070 1546 πάλιν,
1133 1477 1248 1533 ἐπεὶ
1303 1479 1885 1551 παραλληλόγραμμόν

188 1565 302 1619 ἐστι
340 1562 402 1620 τὸ
444 1570 575 1634 ΕΘ,
623 1564 918 1637 διάμετρος
965 1564 1028 1620 δὲ
1068 1563 1244 1621 αὐτοῦ
1292 1567 1443 1622 ἐστιν
1482 1564 1516 1638 ἡ
1567 1572 1708 1637 ΑΚ,
1756 1574 1884 1624 ἴσον

187 1652 303 1707 ἐστὶ
352 1651 415 1708 τὸ
465 1659 639 1708 ΑΕΚ
673 1659 954 1726 τρίγωνον
998 1657 1075 1730 τῷ
1116 1659 1291 1710 ΑΘΚ
1325 1654 1596 1731 τριγώνῳ.
1675 1655 1775 1712 διὰ
1815 1656 1882 1712 τὰ

187 1737 328 1795 αὐτὰ
386 1739 456 1811 δὴ
519 1742 612 1797 καὶ
666 1740 728 1799 τὸ
785 1747 960 1798 ΚΖΓ
1022 1747 1300 1815 τρίγωνον
1360 1745 1438 1816 τῷ
1497 1749 1680 1800 ΚΗΓ
1735 1746 1886 1800 ἐστιν

187 1834 329 1884 ἴσον.
368 1829 484 1885 ἐπεὶ
525 1823 631 1886 οὖν
670 1829 734 1887 τὸ
774 1830 879 1902 μὲν
918 1836 1095 1886 ΑΕΚ
1129 1835 1408 1903 τρήιωνον
1447 1835 1522 1908 τῷ
1561 1838 1738 1888 ΑΘΚ
1772 1855 1887 1904 τρι-

184 1916 350 1992 γώνῳ
399 1919 550 1974 ἐστὶν
598 1926 751 1989 ἴσον,
804 1918 866 1975 τὸ
916 1918 979 1975 δὲ
1017 1924 1189 1975 ΚΖΓ
1227 1922 1304 1993 τῷ
1352 1924 1545 1990 ΚΗΓ,
1599 1918 1663 1976 τὸ
1715 1926 1892 1976 ΑΕΚ

187 2011 468 2077 τρίγωνον
522 2006 658 2078 μετὰ
711 2011 812 2063 τοῦ
867 2012 1050 2063 ΚΗΓ
1090 2014 1217 2064 ἴσον
1266 2008 1381 2063 ἐστὶ
1426 2011 1502 2083 τῷ
1550 2014 1726 2064 ΑΘΚ
1776 2031 1887 2082 τρι·

185 2094 352 2169 φαίνω
430 2094 565 2164 μετὰ
641 2100 743 2151 τοῦ
814 2101 871 2151 Κ
887 2100 1033 2151 ΖΓ·
1111 2100 1227 2152 ἔστι
1305 2095 1367 2151 δὲ
1448 2097 1540 2151 καὶ
1611 2095 1746 2154 ἕλον
1821 2097 1885 2155 τὸ

186 2187 363 2238 ΑΒΓ
399 2188 676 2255 τρίγωνον
725 2182 836 2259 ὅλῳ
882 2187 958 2261 τῷ
999 2190 1180 2240 ΑΔΓ
1219 2191 1367 2241 ἴσον·
1430 2185 1632 2242 λοιπὸν
1671 2185 1782 2260 ἄρα
1820 2185 1884 2243 τὸ

309 2329 468 2376 XLIII.
504 2331 695 2377 Boetius
726 2347 772 2389 p.
797 2335 898 2387 384,
920 2338 988 2378 10.
1051 2332 1187 2390 Apud
1217 2333 1438 2379 Proelum
1470 2334 1654 2379 excidit.

310 2469 350 2511 1.
381 2463 681 2523 συνέσταται]
716 2463 948 2540 PBFbp3
997 2466 1270 2510 συνίσταται
1299 2467 1362 2520 V,
1412 2462 1680 2523 συνεστάθη
1712 2483 1761 2523 φ.

189 2524 416 2582 ΖΕΓΗ]
451 2538 476 2569 e
502 2537 616 2570 corr.
612 2541 692 2595 *ἐφ
816 2520 867 2569 ἐν
900 2525 1056 2597 γωνία
1079 2525 1140 2584 τῇ
1168 2521 1263 2570 ὑπὸ
1299 2525 1452 2584 ΓΕΖ]
1487 2539 1576 2572 om.
1610 2526 1646 2570 F
1680 2527 1793 2583 (mg.
1823 2541 1883 2570 m.

187 2595 278 2627 reo.
313 2578 365 2627 ἐν
397 2585 547 2643 γωνίᾳ
577 2583 635 2639 τῇ
665 2578 759 2627 ὑπὸ
795 2578 996 2640 ΖΕΓῆ
1003 2569 1186 2655 hav).
1339 2590 1380 2630 2.
1415 2585 1573 2643 ΓΕΖ]
1608 2598 1703 2642 seq.
1736 2599 1826 2631 ras.
1861 2590 1885 2629 1

187 2640 282 2686 litt.
315 2641 374 2697 Ρ·
407 2644 548 2686 ΖΕΓ
573 2642 625 2698 Β,
657 2642 700 2687 V
731 2647 859 2690 m.2.
962 2600 1365 2702 ⁷151'u‹‚·]PVp;5'2'
1397 2644 1533 2691 BFb.
1669 2660 1751 2689 ποι
1736 2645 1884 2700 ιῆσαι]

188 2700 239 2744 in
268 2711 359 2747 ras.
392 2716 445 2759 p;
486 2702 642 2756 δεῖξαι
672 2701 708 2745 Ρ
740 2698 813 2758 (ἐν
844 2698 966 2761 ἄλλῳ
1000 2703 1075 2747 δἐι
1062 2703 1156 2756 ξαι
1186 2717 1267 2760 mg
1270 2704 1375 2760 ..b)
1558 2709 1598 2748 3.
1632 2699 1885 2762 διαμετρον

190 2754 338 2804 afim&
370 2775 415 2818 p.
554 2766 596 2806 8.
627 2761 740 2805 Post
770 2757 863 2818 τήν
887 2764 978 2805 ΑΓ
1004 2760 1055 2805 in
1085 2760 1128 2805 V
1157 2775 1217 2804 m.
1235 2718 1279 2806 82
1306 2762 1412 2806 add.
1447 2761 1713 2829 διάμετρον.
1844 2767 1885 2807 9.

191 2819 314 2877 ΖΗ]
336 2821 427 2863 ΗΖ
456 2820 505 2864 F.
628 2817 1066 2923 woepoewlnqdpoegz]
1100 2818 1412 2878 -πληρσόματα
1443 2820 1501 2865 in
1523 2835 1613 2866 ras.
1646 2837 1707 2867 m.
1727 2827 1752 2865 2
1785 2819 1839 2865 V.

190 2873 270 2934 τά]
304 2893 365 2921 m.
399 2891 489 2924 rec
523 2879 574 2925 P.
728 2884 796 2924 10.
831 2877 1026 2925 &attvP
1032 2914 1041 2924 .
1178 2885 1245 2925 11.
1279 2895 1347 2924 πα
1350 2876 1704 2952 ραπληρωματι]
1736 2896 1887 2938 παρα-

191 2950 333 2993 supra
363 2937 406 2981 V
437 2942 557 2982 m.2.
713 2943 782 2983 13.
814 2935 866 2997 ἡ]
903 2935 997 2983 ἔστι
982 2955 1028 2982 ιν
1057 2935 1087 2996 ἡ
1119 2939 1170 2984 F.
1300 2939 1423 2999 ἴσον]
1457 2941 1559 2984 ἴσον
1590 2934 1684 2997 ἄρα
1714 2939 1764 2984 F.
