1956 3074
217 95 330 150 262
851 96 1188 141 ΣΤΟΙΧΕΙΩΝ
1218 91 1282 153 γ’.

213 215 564 271 πιπτέτωσαν
621 214 726 272 δύο
774 213 995 290 εὐθεῖαι
1034 218 1098 271 αἱ
1132 219 1382 285 ΛΓ[Α],
1423 221 1561 270 ΔΒ·
1601 215 1693 270 καὶ
1732 213 1767 287 ἡ
1807 215 1910 288 μὲν

215 307 381 359 ΔΓΑ
410 305 653 375 τεμνέτω
684 303 786 359 τὸν
811 311 864 358 A
873 303 1226 374 ΒΓκύκλον,
1256 301 1292 375 ἡ
1330 303 1394 359 δὲ
1417 309 1531 359 ΒΔ
1555 305 1909 375 ἐφαπτέσθω·

214 392 376 462 λέγω,
417 390 503 448 ὅτι
541 390 604 448 τὸ
636 390 748 448 ὑπὸ
781 395 895 448 τῶν
920 399 1056 462 ΑΔ,
1096 397 1213 448 ΔΓ
1229 391 1624 465 περιεχόμενον
1657 391 1912 465 ὀρθογώ-

214 501 344 536 νιον
385 488 514 536 ἴσον
555 481 670 536 ἐστὶ
708 484 784 556 τῷ
825 478 934 536 ἀπὸ
975 483 1074 551 τῆς
1113 487 1223 536 AB
1261 480 1604 557 τετραγώνῳ.

153 581 180 620 5
315 567 394 625 ‘H
425 568 536 641 ἄρα
577 573 788 638 [Δ]ΓΑ
828 568 952 641 ἤτοι
992 567 1086 624 διὰ
1131 572 1233 625 τοῦ
1279 570 1513 643 κέντρου
1560 570 1710 626 ἐστὶν
1750 567 1784 642 ἢ
1827 568 1912 626 οὔ.

214 663 353 715 ἔστω
394 657 670 730 πρότερον
708 656 802 714 διὰ
841 662 943 714 τοῦ
983 660 1245 731 κέντρου,
1290 660 1383 715 καὶ
1423 664 1561 716 ἔστω
1599 657 1664 716 τὸ
1707 665 1751 714 Ζ
1790 661 1911 715 κέν-

211 769 349 818 τρον
387 749 491 802 τοῦ
531 751 704 801 ΑΒΓ
733 746 962 817 κύκλου,
1001 748 1094 802 καὶ
1134 747 1444 819 ἐπεζεύχθω
1484 747 1519 819 ἡ
1561 755 1692 804 ΖΒ·
1762 745 1910 819 ὀρθὴ

212 834 324 908 ἄρα
364 835 517 891 ἐστὶν
555 832 589 906 ἡ
628 833 739 891 ὑπὸ
782 842 965 892 ΖΒΔ.
1040 837 1133 891 καὶ
1180 837 1297 893 ἐπεὶ
1337 834 1532 893 εὐθεῖα
1571 835 1605 908 ἡ
1638 842 1754 892 ΑΓ
1785 841 1913 909 δίχα

211 926 468 996 τέτμηται
516 922 652 980 κατὰ
699 926 762 980 τὸ
806 931 876 996 Ζ,
935 924 1255 997 πρόσκειται
1308 926 1371 982 δὲ
1409 924 1550 999 αὐτῇ
1589 923 1624 997 ἡ
1665 930 1793 997 ΓΔ,
1847 925 1910 982 τὸ

126 1024 182 1064 10
213 1012 324 1087 ἄρα
369 1011 481 1070 ὑπὸ
532 1016 646 1070 τῶν
687 1021 830 1085 ΑΔ,
886 1019 1002 1070 ΔΓ
1042 1014 1175 1086 μετὰ
1216 1019 1318 1071 τοῦ
1358 1013 1468 1071 ἀπὸ
1507 1018 1605 1087 τῆς
1645 1019 1754 1070 ΖΓ
1785 1021 1911 1071 ἴσον

172 1116 175 1117 ’
215 1103 329 1159 ε’στὶ
367 1105 443 1179 τῷ
486 1099 595 1158 ἀπὸ
636 1106 734 1174 τῆς
773 1109 898 1159 ΖΛ.
970 1111 1062 1175 ἴση
1105 1103 1166 1160 δὲ
1205 1102 1240 1175 ἡ
1283 1109 1391 1160 ΖΓ
1421 1107 1487 1178 τῇ
1529 1110 1658 1159 ΖΒ·
1698 1103 1762 1160 τὸ
1802 1103 1913 1176 ἄρα

211 1189 322 1247 ὑπὸ
362 1194 476 1247 τῶν
520 1198 573 1247 Α
585 1198 639 1246 A
651 1235 665 1262 ‚
718 1197 835 1247 ΔΓ
865 1192 999 1264 μετὰ
1047 1196 1149 1248 τοῦ
1197 1191 1307 1249 ἀπὸ
1354 1197 1453 1264 τῆς
1491 1198 1592 1256 ΖΒ
1632 1199 1758 1249 ἴσον
1798 1193 1912 1249 ἐστὶ

211 1283 287 1355 τῷ
342 1278 452 1335 ἀπὸ
512 1284 609 1351 τῆς
648 1287 773 1336 ΖΔ.
849 1285 925 1358 τῷ
974 1282 1036 1337 δὲ
1083 1279 1191 1337 ἀπὸ
1240 1284 1336 1353 τῆς
1385 1289 1496 1336 ZA
1543 1288 1636 1336 ἴσα
1683 1282 1796 1337 ἐστὶ
1845 1281 1910 1337 τὰ

212 1366 322 1424 ἀπὸ
363 1373 477 1424 τῶν
522 1375 642 1441 ΖΒ,
683 1376 824 1425 BA·
887 1369 950 1426 τὸ
992 1369 1102 1443 ἄρα
1140 1369 1249 1427 ὑπὸ
1291 1375 1404 1427 τῶν
1444 1378 1587 1442 ΑΔ,
1629 1374 1745 1426 ΔΓ
1777 1369 1910 1442 μετὰ

125 1467 178 1507 15
211 1461 312 1514 τοῦ
364 1455 475 1513 ἀπὸ
525 1461 624 1529 τῆς
663 1465 764 1514 ΖΒ
813 1466 938 1516 ἴσον
986 1460 1101 1515 ἐστὶ
1141 1471 1257 1526 τοῖς
1295 1458 1404 1516 ἀπὸ
1445 1464 1559 1517 τῶν
1601 1466 1729 1529 ΖΒ,
1784 1465 1911 1514 BA.

209 1544 410 1602 κοινὸν
465 1545 785 1620 ἀφῃρήσθω
839 1547 903 1604 τὸ
955 1547 1065 1605 ἀπὸ
1115 1553 1212 1621 τῆς
1251 1555 1383 1605 ΖΒ·
1453 1549 1653 1606 λοιπὸν
1700 1548 1810 1621 ἄρα
1848 1546 1910 1605 τὸ

209 1632 318 1691 ὑπὸ
372 1638 485 1692 τῶν
525 1643 669 1707 ΑΔ,
710 1641 828 1692 ΔΓ
859 1643 987 1693 ἴσον
1028 1638 1141 1694 ἐστὶ
1180 1642 1255 1715 τῷ
1298 1637 1406 1694 ἀπὸ
1449 1642 1547 1710 τῆς
1587 1644 1700 1694 ΔΒ
1739 1640 1911 1710 ἐφαπ-

208 1725 460 1795 τομένης.

320 1811 462 1868 ἀλλὰ
519 1813 589 1885 δὴ
647 1812 681 1886 ἡ
734 1819 897 1870 ΔΓΑ
943 1814 1017 1887 μὴ
1066 1820 1204 1873 ἔστω
1252 1814 1347 1872 διὰ
1392 1819 1494 1871 τοῦ
1534 1817 1769 1887 κέντρου
1806 1819 1908 1871 τοῦ

123 1912 180 1952 20
214 1906 388 1958 ΑΒΓ
410 1902 637 1975 κύκλου,
676 1904 769 1959 καὶ
809 1904 1066 1976 εἰλήφθω
1107 1905 1169 1962 τὸ
1204 1907 1438 1976 κέντρον
1469 1905 1532 1960 τὸ
1570 1911 1638 1976 Ε,
1676 1904 1769 1959 καὶ
1801 1901 1910 1960 ἀπὸ

209 1995 312 2048 τοῦ
345 1998 399 2048 Ε
450 1993 537 2048 ἐπὶ
585 1991 689 2064 τὴν
747 1999 862 2049 ΑΓ
909 1994 1147 2060 κάθετος
1192 1993 1352 2066 ἤχθω
1400 1992 1434 2065 ἡ
1476 1999 1605 2065 ΕΖ,
1659 1993 1752 2049 καὶ
1800 1995 1912 2049 έπε-

213 2080 541 2152 ζεύχθωσαν
581 2084 644 2136 αἱ
679 2089 803 2151 ΕΒ,
843 2087 961 2154 ΕΓ,
1002 2089 1141 2138 EA·
1198 2082 1345 2155 ὀρθὴ
1388 2081 1498 2155 ἄρα
1538 2083 1688 2139 ἐστὶν
1727 2080 1762 2153 ἡ
1801 2078 1911 2137 ὑπὸ

212 2175 400 2225 ΕΒΔ.
476 2170 568 2224 καὶ
617 2170 732 2225 ἐπεὶ
780 2168 977 2227 εὐθεῖά
1030 2194 1113 2237 τις
1168 2169 1260 2227 διὰ
1308 2174 1407 2228 τοῦ
1452 2172 1687 2242 κέντρου
1730 2168 1764 2242 ἡ
1808 2175 1911 2225 ΕΖ

211 2250 448 2314 εὐθεῖάν
497 2280 623 2314 τινα
669 2258 742 2331 μὴ
793 2258 886 2315 διὰ
938 2262 1042 2316 τοῦ
1079 2261 1315 2333 κέντρου
1352 2259 1458 2332 τὴν
1496 2266 1611 2316 ΑΓ
1641 2259 1781 2332 πρὸς
1820 2258 1910 2330 ὀρ-

122 2357 178 2396 25
213 2345 324 2412 &aas
368 2347 580 2418 τέμνει,
634 2347 727 2401 καὶ
776 2351 903 2419 δίχα
950 2346 1128 2418 αὐτὴν
1174 2350 1387 2420 τέμνει·
1450 2346 1485 2420 ἡ
1533 2356 1587 2404 A
1599 2354 1642 2403 Z
1694 2347 1805 2421 ἄρα
1843 2350 1909 2420 τῇ

213 2440 322 2492 ΖΓ
354 2437 504 2492 ἐστιν
552 2442 660 2507 ἴση.
722 2436 828 2523 ’καὶ
869 2437 984 2492 ἐπεὶ
1025 2435 1220 2493 εὐθεῖα
1267 2436 1301 2509 ἡ
1344 2443 1458 2494 ΑΓ
1486 2439 1742 2510 τέτμηται
1782 2440 1911 2508 δίχα

334 2604 374 2645 1.
409 2598 560 2655 ΔΓΑ]
596 2602 693 2643 ΔΓ
719 2598 768 2654 F,
800 2599 1038 2656 P(postea
1052 2599 1210 2645 insert.
1230 2603 1297 2655 A).
1390 2605 1430 2644 2.
1466 2604 1554 2644 AB
1586 2600 1637 2646 B.
1729 2604 1772 2643 3.
1795 2598 1908 2714 Aa]

214 2656 264 2701 in
294 2671 383 2702 ras.
418 2673 470 2714 p3
505 2662 548 2702 A
578 2657 630 2702 in
659 2672 748 2703 rae.
781 2672 843 2702 m.
868 2663 896 2703 2
927 2657 986 2714 V,
1015 2658 1176 2704 insert.
1208 2674 1269 2703 m.
1295 2665 1321 2703 2
1348 2659 1398 2715 Β,
1429 2673 1491 2703 m.
1523 2673 1613 2704 ree.
1646 2659 1697 2705 P.
1790 2661 1888 2702 ΔΓ

216 2719 261 2759 Γ
285 2716 343 2770 F;
375 2730 493 2761 corr.
526 2732 585 2761 m.
605 2722 654 2772 2ς
690 2720 773 2761 ΓΔ
803 2717 855 2762 in
883 2731 973 2762 ras.
990 2733 1035 2775 p.
1130 2724 1169 2762 5.
1203 2715 1319 2777 ἄρα]
1354 2732 1445 2763 om.
1462 2717 1652 2775 BFVp.
1757 2717 1908 2776 ΔΓΑ]

216 2777 292 2818 ΓΑ
327 2775 375 2831 P,
411 2776 633 2831 AAI'F,
667 2777 750 2821 sed
781 2790 894 2822 cort.
1017 2781 1060 2821 8.
1092 2778 1206 2835 ΑΓ]
1246 2781 1288 2821 Γ
1313 2791 1340 2822 e
1373 2791 1487 2822 corr.
1520 2793 1581 2823 m.
1599 2783 1626 2822 2
1660 2777 1714 2821 V.
1841 2781 1907 2821 10.

215 2833 804 2907 AA]Ainras.m.2V.
901 2835 1411 2894 AF]supram.2F;
1447 2837 1566 2891 ΓΡ
1598 2848 1909 2882 corrmrec
1954 2844 1956 2846 ’

274 2893 358 2937 τοῦ
391 2888 486 2938 ἀπὸ
520 2894 621 2952 τῆς]
654 2891 707 2938 τὸ
740 2891 835 2939 ὑπό
868 2895 925 2950 F;
959 2909 1074 2941 corr.
1106 2911 1167 2942 m.
1193 2901 1232 2940 2.
1367 2900 1437 2941 11.
1471 2895 1579 2954 ZA]
1615 2898 1694 2939 ΖΑ
1723 2895 1788 2942 F?
