1956 3074
149 63 259 117 312
790 63 1128 107 ΣΤΟΙΧΕΙΩΝ
1157 59 1222 108 δ’.

269 181 577 254 Τετμήσθω
630 181 698 253 δὴ
741 181 972 254 ἑκατέρα
1009 184 1123 237 τῶν
1163 178 1272 236 ὑπὸ
1312 185 1498 250 ΒΓΔ,
1544 185 1710 236 ΓΔΕ
1744 203 1850 250 γω-

150 274 292 326 νιῶν
341 273 469 342 δίχα
514 268 624 326 ὑπὸ
667 270 926 340 ἑκατέρας
963 273 1077 325 τῶν
1118 274 1242 339 ΓΖ,
1292 274 1427 339 ΔΖ,
1465 269 1559 324 καὶ
1598 266 1708 324 ἀπὸ
1747 271 1851 324 τοῦ

154 363 200 412 Ζ
239 363 498 430 σημείου,
551 356 683 413 καθ’
730 355 759 414 ὃ
801 357 1220 429 συμβάλλουσιν
1260 359 1323 412 αἰ
1357 354 1598 427 εὐθεῖαι,
1655 357 1743 413 ἐπὶ
1782 353 1849 412 τὰ

153 452 228 511 Β,
269 454 346 518 Α,
393 453 446 502 Ε
499 457 698 518 σημεῖα
739 445 1160 517 ἐπεζεύχθωσαν
1201 442 1419 502 εὐθεῖαι
1460 449 1521 501 αἱ
1558 451 1686 516 ΖΒ,
1726 451 1851 517 ΖΑ,

96 548 123 587 5
157 541 274 591 ZE.
354 533 558 606 ὁμοίως
606 534 677 606 δὴ
716 538 792 610 τῷ
833 532 938 607 πρὸ
978 533 1183 590 τούτου
1223 534 1594 606 δειχθήσεται,
1636 534 1721 591 ὅτι
1758 535 1852 590 καὶ

156 622 354 694 ἑκάστη
408 626 522 679 τῶν
567 620 678 678 ὑπὸ
726 626 916 692 ΓΒΑ,
972 627 1167 692 ΒΑΕ,
1222 628 1398 677 ΑΕΔ
1439 626 1676 703 ,γωνιῶν
1726 627 1853 695 δίχα

153 712 410 783 τέτμηται
463 709 573 767 ὑπὸ
627 710 860 781 ἑκάστης
904 713 1018 766 τῶν
1067 717 1194 782 ΖΒ,
1251 718 1382 781 ΖΑ,
1438 717 1545 766 ΖΕ
1596 711 1852 769 εὐθειῶν.

153 799 248 855 καὶ
292 799 407 855 ἐπεὶ
449 807 539 871 ἴση
581 798 731 855 ἐστὶν
770 796 805 869 ἡ
848 796 958 855 ὑπὸ
1000 804 1160 855 ΒΓΔ
1199 805 1377 871 γωνία
1416 804 1481 873 τῇ
1521 798 1631 857 ὑπὸ
1672 805 1853 871 ΓΔΕ,

154 892 253 944 καί
289 891 403 945 ἐστι
441 892 538 960 τῆς
577 888 680 960 μὲν
719 885 829 944 ὑπὸ
854 893 1017 944 ΒΓΔ
1054 885 1277 960 ἡμίσεια
1317 887 1351 961 ἡ
1391 887 1499 945 ὑπὸ
1534 894 1720 961 ΖΓΔ,
1760 893 1856 961 τῆς

71 990 128 1030 10
162 977 224 1033 δὲ
262 975 373 1033 ὑπὸ
413 981 579 1032 ΓΔΕ
613 974 837 1048 ἡμίσεια
875 974 910 1048 ἡ
950 975 1062 1033 ὑπὸ
1102 982 1287 1048 ΓΔΖ,
1339 979 1431 1033 καὶ
1470 975 1505 1050 ἡ
1544 975 1656 1034 ὑπὸ
1698 982 1856 1033 ΖΓΔ

158 1065 268 1138 ἄρα
321 1068 387 1139 τῇ
442 1063 552 1121 ὑπὸ
597 1070 769 1121 ΖΔΓ
814 1067 964 1121 ἐστιν
1021 1073 1142 1137 ἴση·
1221 1065 1362 1122 ὥστε
1415 1066 1508 1121 καὶ
1555 1065 1767 1139 πλευρὰ
1821 1062 1856 1137 ἡ

160 1158 268 1209 ΖΓ
313 1156 524 1227 πλευρᾷ
578 1157 644 1226 τῇ
695 1159 804 1208 ΖΔ
859 1155 1011 1209 ἐστιν
1057 1163 1164 1226 ἴση.
1259 1153 1465 1226 ὁμοίως
1511 1153 1581 1225 δὴ
1633 1154 1857 1227 δειχθή-

160 1259 331 1313 σεται,
373 1241 458 1299 ὅτι
494 1242 588 1297 καὶ
629 1241 828 1313 ἑκάστη
867 1245 1136 1312 τῶν-ΖΒ,
1177 1249 1299 1314 ΖΑ,
1339 1249 1446 1298 ΖΕ
1475 1243 1706 1316 ἑκατέρᾳ
1744 1245 1859 1298 τῶν

162 1336 287 1404 ΖΓ,
336 1338 446 1387 ΖΔ
493 1333 643 1387 ἐστιν
693 1338 814 1402 ἴση·
885 1334 947 1385 αἱ
989 1332 1152 1388 πέντε
1198 1330 1308 1405 ἄρα
1360 1329 1579 1387 εὐθεῖαι
1626 1333 1689 1386 αἱ
1733 1336 1859 1400 ΖΑ,

74 1433 129 1474 15
164 1427 291 1491 ΖΒ,
343 1425 468 1491 ΖΓ,
511 1425 642 1492 ΖΔ,
683 1424 790 1476 ΖΕ
827 1426 943 1482 ἴσαι
983 1419 1250 1492 ἀλλήλαις
1287 1423 1445 1477 εἰσίν.
1523 1418 1553 1477 ὁ
1593 1418 1701 1491 ἄρα
1740 1420 1861 1476 κέν-

163 1531 275 1585 τρςο
316 1512 392 1585 τῷ
428 1515 472 1563 Ζ
502 1508 595 1564 καὶ
636 1507 965 1579 διαστήματι
998 1508 1082 1564 ἑνὶ
1114 1511 1227 1564 τῶν
1260 1515 1385 1578 ΖΑ,
1426 1515 1546 1579 ΖΒ,
1580 1513 1698 1579 ΖΓ,
1731 1514 1861 1577 ΖΔ,

167 1603 274 1653 ΖΕ
308 1597 513 1662 κύκλος
550 1596 907 1669 γραφόμενος
945 1594 1064 1668 ἥξει
1102 1597 1194 1652 καὶ
1235 1595 1329 1652 διὰ
1369 1601 1483 1653 τῶν
1523 1602 1735 1655 λοιπῶν
1768 1615 1860 1670 ση-

165 1691 339 1758 μείων
377 1687 469 1742 καὶ
509 1690 661 1741 ἔσται
701 1687 1221 1759 περιγεγραμμένος.
1298 1686 1734 1760 περιγεγράφθω
1766 1687 1858 1742 καὶ

168 1779 307 1831 ἔστω
348 1772 379 1831 ὅ
419 1781 708 1831 ΑΒΓΔΕ.

76 1875 135 1918 20
280 1863 423 1935 Περὶ
463 1861 572 1933 ἄρα
610 1862 672 1918 τὸ
716 1862 891 1919 δοθὲν
931 1862 1312 1934 πεντάγωνον,
1353 1861 1384 1919 ὅ
1425 1865 1574 1919 ἐστιν
1609 1863 1862 1921 ἰσόπλευ-

167 1951 274 2024 ρόν
326 1973 384 2007 τε
438 1952 530 2006 καὶ
579 1942 907 2023 ἰσογώνιον,
958 1951 1159 2018 κύκλος
1205 1953 1654 2024 περιγέγραπται·
1727 1951 1862 2025 ὅπερ

170 2043 283 2096 ἔδει
321 2042 565 2110 ποιῆσαι.
1026 2113 1039 2131 Ι

963 2136 1018 2169 ιε
1046 2158 1056 2168 .

222 2291 224 2294 ,
282 2219 398 2282 Εἰς
436 2215 549 2272 τὸν
590 2217 879 2272 δοθέντα
911 2219 1157 2273 κύκλον
1191 2216 1525 2289 ἑξάγωνον
1558 2217 1865 2274 ἰσόπλευ-

82 2319 138 2361 25
173 2305 292 2377 ρόν
331 2327 397 2360 τε
435 2305 547 2360 καὶ
589 2305 954 2377 ἰσογώνιον
994 2305 1331 2379 ἐγγράψαι.

269 2393 450 2450 ’Έστω
504 2391 533 2450 ὁ
575 2395 767 2460 δοθεὶς
804 2394 1007 2460 κύκλος
1047 2392 1077 2451 ὁ
1117 2400 1481 2450 ΑΒΓΔΕΖ·
1554 2399 1642 2452 δεῖ
1678 2393 1748 2467 δὴ
1790 2398 1867 2461 εἰς

172 2483 272 2541 τὸν
312 2489 650 2540 ΑΒΓΔΕΖ
696 2483 906 2540 κύκλον
956 2483 1239 2555 ἑξάγωνον
1288 2483 1624 2558 ἰσόπλευρόν
1671 2506 1728 2540 τε
1773 2483 1866 2539 καὶ

177 2572 479 2645 ἰσογώνιον
521 2571 810 2646 ἐγγράψαι.

299 2741 338 2780 1.
372 2736 525 2794 ΒΓΔ]
560 2739 694 2779 ΑΒΔ
723 2735 773 2779 in
805 2748 893 2779 ras,
928 2735 979 2790 F,
1012 2749 1106 2790 seq.
1139 2733 1382 2791 uestigat.
1484 2738 1523 2777 2.
1558 2733 1665 2792 AZ]
1699 2733 1748 2778 in
1777 2747 1870 2778 ras.

176 2810 238 2839 m.
267 2800 292 2838 2
324 2794 388 2848 V3
423 2798 510 2838 AZ
536 2790 737 2839 εὖθείαν
770 2795 804 2839 F
837 2789 1059 2851 (εὖθείαν
1090 2808 1149 2840 m.
1169 2798 1195 2838 2
1228 2793 1278 2837 in
1309 2807 1402 2851 mg.
1427 2792 1627 2850 transit).
1749 2788 1866 2851 ἀπό]

179 2867 295 2899 corr.
327 2853 377 2897 in
409 2849 501 2898 ὑπό
534 2868 593 2898 m.
627 2867 716 2900 rec.
750 2854 800 2897 F.
923 2858 964 2897 4.
999 2856 1049 2909 B,
1067 2858 1117 2909 A,
1136 2852 1197 2910 E]
1230 2849 1296 2908 ''A,
1320 2849 1387 2908 'B‚
1420 2848 1503 2895 E''‘
1536 2853 1585 2898 F.
1710 2857 1749 2896 5.
1783 2852 1868 2911 τῷ]
