1956 3074
198 119 306 172 146
839 121 1175 209 ΣΤοῙΧΕΞῼΝ
1208 119 1271 181 β’.

196 242 466 307 ΑΓ,“ΓΔ
497 238 876 311 τετραγώνων.
915 251 1032 304 τοῖς
1071 239 1133 294 δὲ
1171 236 1280 295 ἀπὸ
1314 243 1427 296 τῶν
1459 247 1513 294 A
1522 246 1588 310 E,
1629 246 1731 295 ΕΖ
1769 248 1897 296 ἴσον

198 325 314 381 ἐστὶ
360 324 422 381 τὸ
465 324 575 382 ἀπὸ
614 330 713 397 τῆς
750 333 851 382 ΛΖ
889 326 1274 400 τετράγωνον·
1338 326 1485 400 ὀρθὴ
1519 327 1626 399 γάρ
1669 330 1817 384 ἐστιν
1859 327 1894 399 ἡ

195 411 308 469 ὑπὸ
349 420 516 469 ΑΕΖ
563 419 768 485 γωνία·
839 413 903 470 τὸ
950 414 1060 488 ἄρα
1111 413 1222 471 ἀπὸ
1260 419 1356 487 τῆς
1395 422 1502 471 ΑΖ
1541 415 1896 489 τετράγωνον

198 502 498 559 διπλάσιόν
550 505 665 559 ἐστι
711 507 824 559 τῶν
873 499 980 559 ἀπὸ
1027 507 1141 559 τῶν
1192 510 1325 575 ΑΓ,
1372 509 1491 560 ΓΛ.
1567 508 1642 580 τῷ
1685 504 1746 560 δὲ
1785 501 1893 560 ἀπὸ

137 603 164 643 5
196 595 295 663 τῆς
333 598 440 647 AZ
474 599 567 647 ἴσα
605 592 671 647 τὰ
712 590 823 647 ἀπὸ
862 595 976 648 τῶν
1000 599 1136 663 ΑΔ,
1178 599 1318 648 AZ·
1359 591 1507 665 ὀρθὴ
1546 590 1653 665 γὰρ
1693 590 1727 663 ἡ
1759 591 1898 665 πρὸς

195 684 272 756 τῷ
313 687 370 735 A
415 685 622 751 γωνία·
692 679 758 735 τὰ
808 679 920 753 ἄρα
968 678 1077 736 ἀπὸ
1124 684 1238 737 τῶν
1278 689 1420 751 AA,
1476 687 1586 737 AZ
1631 681 1897 737 διπλάσιά

198 770 312 824 ἐστι
357 772 471 824 τῶν
521 766 629 824 ἀπὸ
677 773 791 825 τῶν
830 774 963 840 ΑΓ,
1014 775 1119 825 ΓΛ
1166 770 1549 843 τετραγώνων.
1627 777 1718 841 ἴση
1760 770 1822 826 δὲ
1862 768 1897 841 ἡ

198 862 308 911 AZ
347 859 413 929 τῇ
455 862 596 911 AB·
673 855 739 911 τὰ
791 856 900 928 ἄρα
939 855 1050 914 ἀπὸ
1091 862 1205 914 τῶν
1244 866 1387 928 ΑΔ,
1428 864 1539 914 ΔΒ
1578 858 1898 931 τετράγωνα

199 944 465 1000 διπλάσιά
507 947 621 1001 ἐστι
660 949 773 1002 τῶν
812 944 921 1002 ἀπὸ
962 951 1075 1003 τῶν
1114 952 1239 1018 ΑΓ,
1280 952 1383 1003 ΓΔ
1420 946 1800 1020 τετραγώνων.

113 1047 168 1087 10
307 1032 438 1089 Ἐὰν
478 1032 589 1107 ἄρα
622 1033 820 1090 εὐθεῖα
859 1035 1082 1108 γραμμὴ
1123 1039 1310 1109 τμηθῇ
1351 1039 1431 1101 εἰς
1463 1043 1555 1091 ἶσα
1587 1036 1679 1091 καὶ
1712 1035 1899 1106 ἄνισα,

198 1121 266 1179 τὰ
313 1121 422 1178 ἀπὸ
471 1126 584 1178 τῶν
639 1121 856 1180 ἀνίσων
901 1127 999 1195 τῆς
1046 1123 1178 1196 ὅλης
1224 1123 1524 1195 τμημάτων
1576 1124 1898 1197 τετράγωνα

199 1210 465 1268 διπλάσιά
515 1213 628 1267 ἐστι
674 1216 776 1268 τοῦ
822 1234 879 1268 τε
927 1210 1037 1269 ἀπὸ
1088 1217 1185 1285 τῆς
1224 1210 1477 1285 ἡμισείας
1513 1213 1606 1269 καὶ
1645 1217 1747 1269 τοῦ
1787 1211 1896 1269 ἀπὸ

197 1304 296 1373 τῆς
335 1298 538 1372 μεταξὺ
577 1303 692 1356 τῶν
730 1303 918 1371 τομῶν
957 1299 1339 1374 τετραγώνου·
1381 1299 1515 1373 ὅπερ
1557 1304 1669 1356 ἔδει
1710 1303 1899 1368 δεῖξαι.

1021 1486 1040 1517 ι
1069 1507 1080 1517 .

113 1580 167 1620 15
308 1563 455 1621 Ἐὰν
503 1563 735 1621 εὐθεῖα
781 1563 1040 1638 γραμμὴ
1082 1569 1299 1640 τμηθῇ
1342 1569 1518 1638 δίχα,
1564 1569 1898 1639 προστεθῇ

202 1656 275 1712 δέ
325 1677 422 1720 τις
473 1652 634 1729 αὐτῇ
693 1651 930 1710 εὐθεῖα
986 1653 1076 1710 ἐπ’
1135 1653 1430 1726 εὐθείας,
1483 1654 1552 1712 τὸ
1605 1654 1729 1711 ἀπὸ
1788 1659 1900 1727 τῆς

203 1743 360 1817 ὅλης
399 1742 520 1800 σὺν
559 1747 625 1817 τῇ
665 1746 1107 1818 προσκειμένῃ
1147 1745 1258 1800 καὶ
1297 1743 1367 1800 τὸ
1401 1743 1524 1801 ἀπὸ
1557 1748 1668 1817 τῆς
1698 1762 1898 1817 προσ-

201 1835 510 1906 κειμένης
546 1831 620 1888 τὰ
663 1833 1134 1906 συναμφότερα
1169 1833 1547 1906 τετράγωνα
1580 1833 1899 1890 διπλάσιά

204 1925 340 1979 ἐστι
403 1926 518 1978 τοῦ
580 1944 644 1978 τε
708 1920 832 1978 ἀπὸ
895 1925 1006 1994 τῆς
1067 1920 1373 1994 ἡμισείας
1433 1922 1541 1977 καὶ
1601 1926 1719 1978 τοῦ
1775 1920 1900 1979 ἀπὸ

113 2025 171 2065 20
201 2015 314 2083 τῆς
370 2011 804 2082 συγκειμένης
859 2014 924 2065 ἔκ
978 2032 1041 2066 τε
1095 2014 1210 2082 τῆς
1262 2009 1567 2083 ἡμισείας
1628 2010 1734 2065 καὶ
1789 2014 1901 2082 τῆς

202 2099 686 2173 προσκειμένης
736 2096 818 2164 ὥς
872 2096 996 2155 ἀπὸ
1053 2102 1206 2171 μιᾶς
1254 2097 1757 2171 ἀναγραφέντος
1803 2120 1901 2156 τε-

202 2187 567 2262 τραγώνου.

316 2275 534 2333 Εὐθεῖα
574 2274 681 2348 γάρ
720 2297 803 2342 τις
840 2274 874 2348 ἡ
916 2284 968 2332 A
978 2282 1024 2332 Β
1064 2276 1355 2350 τετμήσθω
1398 2280 1525 2350 δίχα
1563 2275 1699 2331 κατὰ
1739 2274 1800 2331 τὸ
1835 2280 1899 2346 Γ,

203 2370 559 2439 προσκείσθω
616 2365 683 2420 δέ
731 2387 814 2430 τις
860 2362 999 2438 αὐτῇ
1048 2363 1243 2421 εὐθεῖα
1291 2363 1373 2421 ἐπ’
1418 2363 1642 2430 εὐθείας
1683 2361 1715 2435 ἡ
1756 2369 1863 2418 ΒΔ
1888 2381 1900 2394 ·

114 2469 171 2509 25
203 2455 365 2525 λέγω,
413 2453 497 2509 ὅτι
529 2452 595 2508 τὰ
637 2451 747 2510 ἀπὸ
786 2457 901 2510 τῶν
939 2462 1082 2525 ΑΔ,
1126 2460 1236 2509 AB
1275 2453 1597 2527 τετράγωνα
1637 2451 1900 2508 διπλάσιά

206 2545 319 2599 ε’στι
359 2545 473 2599 τῶν
513 2540 623 2598 ἀπὸ
663 2545 777 2599 τῶν
815 2547 941 2614 ΛΓ,
983 2548 1087 2598 ΓΔ
1124 2542 1504 2616 τετραγώνων.

299 2629 499 2703 ”Ηχθω
539 2630 647 2702 γὰρ
687 2629 796 2687 ἀπὸ
827 2634 930 2686 τοῦ
963 2636 1017 2686 Γ
1041 2636 1274 2703 σημείου
1312 2634 1377 2704 τῇ
1410 2637 1519 2686 ΑΒ
1545 2629 1683 2702 πρὸς
1722 2627 1902 2702 ὀρθὰς

326 2799 367 2839 2.
403 2789 528 2838 ἐστίν
559 2794 614 2839 V.
737 2790 1053 2852 τετράγωνον]
1088 2808 1176 2838 om.
1210 2808 1255 2851 p.
1381 2789 1528 2852 ἐστιν]
1562 2807 1652 2839 om.
1678 2793 1729 2850 B,
1762 2807 1898 2849 supra

204 2868 267 2901 m.
289 2859 311 2897 1
338 2852 387 2898 F.
509 2858 550 2899 4.
587 2848 711 2897 ἔστιν
735 2853 792 2899 V.
914 2852 1031 2958 niv}
1057 2851 1175 2909 (alt.)
1206 2852 1290 2908 τῆς
1319 2851 1448 2921 ΒΕ.-
1529 2854 1693 2923 ,5.,ἴσα
1725 2847 1828 2896 ἔστί
1851 2866 1897 2909 p.

265 2912 377 2971 AZ]
411 2925 524 2957 corr.
559 2926 615 2957 ex
646 2914 729 2956 AZ
758 2912 810 2956 F.
934 2917 972 2956 7.
1035 2926 1134 2956 στιν
1166 2911 1266 2956 FV.
1388 2928 1481 2956 των
1513 2911 1632 2970 απο]
1666 2925 1755 2956 om.
1787 2911 1839 2956 F.
