1956 3074
223 66 293 118 ’74
849 69 1186 113 ΣΤΟΙΧΕΙῼΝ
1216 65 1282 112 α’.

219 182 374 248 ἐντὸς
410 185 502 239 καὶ
542 175 634 239 ε’πῖ
667 184 733 239 τὰ
775 181 915 240 αὐτὰ
956 186 1093 258 μέρη
1137 186 1301 241 δυσὶν
1342 185 1543 259 ὀρθαῖς
1582 193 1725 251 ἴσας·
1773 185 1907 259 ὅπερ

220 275 331 327 ἔδει
372 274 560 339 δεῖξαι.

1030 347 1100 403 λ’.

330 452 418 505 Αἰ
445 453 517 523 τῇ
554 436 714 523 αὐτῇ
750 449 982 524 εὐθείᾳ
1012 451 1424 524 παράλληλοι
1456 452 1562 506 καὶ
1595 449 1911 523 ἀλλήλαις

162 553 189 594 5
222 539 351 594 εἰσὶ
390 538 818 611 παράλληλοι.

314 626 496 682 ’Ἑστω
537 627 763 697 ἑκατέρα
809 630 924 681 τῶν
963 633 1090 697 ΑΒ,
1138 632 1242 682 ΓΔ
1267 630 1343 700 ,τῇ
1385 634 1488 682 ΕΖ
1526 628 1909 699 παράλληλος·

218 716 378 787 λέγω,
419 714 505 770 ὅτι
542 715 634 770 καὶ
674 713 838 786 ἡΑΒ
877 719 943 789 τῇ
983 720 1086 770 ΓΛ
1124 714 1239 771 ἐστι
1279 715 1643 787 παράλληλος.

326 803 661 874 Ἐμπιπτέτω
702 802 808 876 γὰρ
849 807 927 869 εἰς
966 803 1137 870 αὐτὰς
1176 803 1372 860 εὐθεῖα
1410 802 1444 875 ἡ
1484 811 1619 860 ΗΚ.

331 892 446 947 Καὶ
496 889 615 947 ἐπεὶ
667 895 744 957 εἰς
793 891 1180 965 παραλλήλους
1231 890 1456 958 εὐθείας
1502 893 1598 958 τὰς
1639 899 1766 963 AB,
1806 899 1911 948 EZ

133 996 188 1036 10
220 979 415 1039 εὐθεῖα
453 978 804 1052 ἐμπέπτωκεν
844 977 878 1051 ἡ
918 986 1065 1050 ΗΚ,
1114 988 1205 1052 ἴση
1254 981 1363 1054 ἄρα
1403 979 1436 1053 ἡ
1477 979 1585 1038 ὑπὸ
1627 988 1809 1038 ΑΗΚ
1846 985 1911 1056 τῇ

134 1437 188 1478 15

134 1942 191 1981 20

218 1069 331 1126 ὑπὸ
371 1075 554 1125 ΗΘΖ.
616 1068 804 1139 πάλιν,
851 1067 967 1124 ἐπεὶ
1007 1072 1085 1134 εἰς
1122 1072 1513 1141 παραλλήλους
1552 1067 1779 1136 εὐθείας
1815 1069 1913 1137 τὰς

220 1165 342 1230 ΕΖ,
382 1163 487 1214 ΓΔ
521 1155 716 1213 εὐθεῖα
755 1155 1108 1229 ἐμπέπτωκεν
1146 1155 1180 1229 ἡ
1214 1165 1278 1213 Η
1283 1165 1352 1229 Κ,
1400 1166 1491 1230 ἴση
1532 1157 1687 1215 ἐστὶν
1726 1157 1760 1231 ἡ
1801 1157 1910 1216 ὑπὸ

220 1254 389 1304 ΗΘΖ
440 1255 506 1320 τῇ
558 1244 668 1302 ὑπὸ
707 1251 908 1303 ΗΚΔ.
968 1245 1198 1319 ἐδείχθη
1252 1247 1315 1303 δὲ
1364 1249 1456 1303 καὶ
1503 1246 1537 1319 ἡ
1577 1246 1686 1303 ὑπὸ
1729 1253 1916 1304 ΑΗΚ

220 1340 287 1410 τῇ
341 1333 450 1392 ὑπὸ
490 1341 659 1390 ΗΘΖ
714 1341 821 1406 ἴση.
898 1336 989 1390 καὶ
1044 1332 1079 1406 ἡ
1134 1333 1244 1391 ὑπὸ
1283 1342 1468 1391 ΑΗΚ
1518 1335 1628 1407 ἄρα
1682 1341 1747 1410 τῇ
1802 1335 1912 1393 ὑπὸ

222 1431 346 1482 ΗΚ
353 1431 408 1480 Δ
446 1422 598 1480 ἐστιν
640 1431 761 1494 ἴση·
800 1427 900 1478 καί
933 1426 1076 1478 εἰσιν
1109 1421 1359 1491 ἐναλλάξ.
1420 1424 1773 1497 παράλληλος
1802 1425 1914 1499 ἄρα

219 1513 372 1572 ἐστὶν
411 1510 445 1585 ἡ
487 1518 594 1567 AB
633 1514 699 1585 τῇ
740 1517 858 1568 ΓΔ.

335 1605 436 1674 [Ac
471 1601 581 1673 ἄρα
619 1605 684 1674 τῇ
726 1598 866 1673 αὐτῇ
908 1599 1104 1674 εὐθείᾳ
1143 1600 1488 1673 παράλληλοι
1527 1602 1618 1657 καὶ
1650 1601 1916 1675 ἀλλήλαις

221 1693 328 1750 εἰσὶ
367 1690 712 1762 παράλληλοι
727 1694 761 1759 ·]
804 1688 938 1761 ὅπερ
978 1694 1090 1745 ἔδει
1131 1692 1319 1757 δεῖξαι.

1011 1823 1125 1878 λα’.

335 1927 465 1984 Διὰ
512 1931 628 1982 τοῦ
676 1927 999 1991 δοθέντος
1050 1931 1327 1997 σημείου
1374 1929 1446 1998 τῇ
1495 1930 1776 2000 δοθείσῃ
1819 1925 1915 1983 εὐ-

226 2022 376 2092 θείᾳ
416 2015 840 2088 παράλληλον
869 2013 1157 2078 ,εὐθεῖαν
1197 2013 1505 2088 γραμμὴν
1544 2014 1839 2087 ἀγαγεῖν.

318 2105 500 2162 '‘Em-m
547 2102 609 2159 τὸ
659 2103 761 2174 μὲν
802 2102 978 2159 δοθὲν
1018 2115 1251 2175 σημεῖον
1289 2102 1350 2159 τὸ
1392 2111 1462 2174 A,
1500 2101 1535 2175 ἡ
1576 2103 1638 2160 δὲ
1678 2107 1915 2160 δοθεῖσα

224 2194 421 2253 εὐθεῖα
459 2191 494 2264 ἡ
534 2196 664 2248 ΒΓ·
707 2194 795 2247 δεῖ
831 2190 900 2263 δὴ
942 2190 1035 2247 διὰ
1073 2196 1175 2248 τοῦ
1216 2199 1268 2247 Α
1308 2197 1540 2263 σημείου
1578 2196 1643 2265 τῇ
1686 2197 1794 2249 ΒΓ
1827 2190 1916 2248 εὐ-

222 2289 354 2357 θείᾳ
392 2281 752 2355 παράλληλον
792 2278 1024 2336 εὐθεῖαν
1063 2279 1324 2352 γραμμὴν
1363 2277 1609 2351 άγαγεῖν.

341 2429 484 2477 XXX.
516 2428 707 2473 Boetius
738 2443 783 2485 p.
810 2433 911 2485 383,
930 2433 970 2473 5.
1093 2427 1258 2473 XXXI.
1291 2427 1479 2473 Boetius
1511 2443 1556 2485 p.
1575 2432 1676 2482 383,
1696 2433 1734 2473 7.

346 2568 386 2608 1.
428 2557 561 2612 ἐντὸς
592 2561 702 2619 καί]
736 2574 825 2605 om.
859 2561 908 2604 P.
1031 2565 1070 2605 6.
1113 2560 1216 2619 AB]
1249 2563 1337 2604 AE
1370 2577 1419 2614 φ.
1544 2566 1584 2604 7.
1618 2557 1743 2606 ἐστίν
1775 2561 1824 2605 Ρ.

227 2629 267 2669 9.
299 2624 453 2667 καί-
474 2626 542 2666 10.
569 2621 694 2678 ΗΚ]
728 2634 820 2677 mg.
846 2635 906 2665 m.
927 2625 949 2663 1
975 2619 1026 2665 P.
1123 2624 1190 2664 11.
1225 2618 1312 2678 εἰς]
1348 2619 1414 2670 εἰς
1445 2617 1529 2670 τάς
1545 2618 1600 2665 V.
1693 2615 1914 2692 εὐθείας]

225 2678 314 2726 δύο
346 2676 544 2731 εὐθείας
573 2680 625 2725 Ρ.
719 2684 788 2725 12.
823 2676 1151 2736 ἐμπέπτωκεν]
1183 2677 1233 2722 in
1256 2693 1345 2724 ras.
1371 2679 1477 2734 PF3
1510 2678 1618 2723 dein
1646 2678 1752 2723 add.
1779 2695 1914 2734 κοινη

224 2742 274 2786 F.
375 2736 447 2798 ·ἡ]
481 2739 598 2797 (alt.)
629 2752 744 2783 corr.
778 2752 834 2783 ex
864 2738 918 2796 τῇ
950 2736 1000 2781 Ρ.
1132 2743 1199 2782 13.
1235 2737 1405 2796 ΗΚΔ]
1440 2751 1554 2782 corr.
1589 2751 1645 2781 ex
1679 2739 1821 2782 ΘΚΔ
1853 2753 1914 2782 m.

225 2813 315 2844 rec.
348 2799 397 2845 P.
525 2803 591 2843 14.
623 2794 740 2856 ἄρα]
773 2810 913 2854 supra
943 2810 1092 2854 comp.
1125 2812 1186 2841 m.
1216 2803 1236 2840 1
1271 2796 1315 2841 b.
1440 2800 1507 2840 15.
1544 2798 1687 2840 ΘΚΛ
1717 2796 1765 2851 Ρ,
1798 2811 1916 2841 corr.

225 2874 285 2904 m.
318 2872 410 2903 rec.
549 2863 617 2903 16.
652 2855 799 2915 ἐστίν]
832 2870 922 2902 om.
954 2856 1003 2902 F.
1140 2857 1242 2912 AB]
1275 2855 1397 2900 inter
1427 2859 1462 2898 A
1495 2856 1544 2901 et
1575 2858 1611 2898 Β
1643 2868 1732 2900 ras.
1768 2860 1790 2900 1
1824 2855 1916 2901 litt.
