1956 3074
610 127 1068 169 ELEMENTORUM
1097 129 1280 170 LIBER
1310 130 1344 172 1.
1735 126 1824 182 '99

927 244 1094 299 XLII.

249 337 392 390 Dato
424 335 699 404 triangulo
730 335 953 403 aequale
974 333 1557 405 g'parallelogrammum
1585 343 1830 393 constru-

139 443 226 479 ere
261 426 318 478 in
356 424 483 476 dato
524 423 725 493 angulo
765 422 1061 476 rectilineo,

246 512 327 566 Sit
371 512 527 565 datus
571 511 875 581 triangulus
925 514 1111 581 ΑΒΓ,
1158 512 1316 565 datus
1371 516 1552 591 autem
1593 516 1825 585 angulus

133 600 439 656 rectilineus
480 605 549 655 A.
614 602 831 669 oportet
870 600 1037 670 igitur
1076 601 1356 671 triangulo
1397 605 1569 655 ΑΒΓ
1601 604 1827 672 aequale

130 690 697 761 parallelogrammum
743 688 800 740 in
841 689 1042 759 angulo
1083 690 1363 743 rectilineo
1405 695 1461 742 A
1500 695 1827 745 construere.

243 780 452 831 secetur
496 779 608 830 ΒΓ
645 778 702 830 in
757 776 890 829 duas
944 780 1126 846 partes
1176 780 1425 847 aequales
1466 779 1523 831 in
1561 783 1615 832 E
1653 782 1827 850 [prop.

129 865 219 935 X]‚
257 869 311 919 et
349 865 578 918 dueatur
616 869 739 935 AE,
788 868 841 918 et
880 866 948 918 ad
988 869 1100 919 ΕΓ
1129 869 1333 920 rectam
1374 871 1428 920 et
1466 870 1729 937 punctum
1768 870 1826 921 in

129 973 192 1008 ea
239 954 402 1007 situm
443 958 496 1006 E
546 956 748 1024 angulo
799 960 853 1006 A
900 956 1142 1025 aequalis
1190 959 1541 1009 construatur
1588 961 1622 1018 L
1663 958 1822 1009 ΓΕΖ

130 1045 301 1112 [prop.
318 1042 554 1113 XXH1]‚
604 1045 658 1095 et
708 1061 805 1113 per
844 1048 897 1095 A
935 1046 1113 1096 rectae
1154 1047 1265 1097 ΕΓ
1296 1045 1560 1114 parallela
1598 1044 1824 1098 dueatur

126 1134 253 1184 AH
284 1133 455 1201 [prop.
495 1130 701 1199 XXXI]
713 1174 726 1202 ‚
767 1151 863 1201 per
903 1134 958 1184 Γ
982 1135 1162 1185 autem
1201 1135 1379 1186 rectae
1422 1136 1525 1185 EZ
1563 1133 1825 1202 parallela

177 1249 238 1299 A
279 1254 343 1296 A
545 1252 593 1300 Ζ
715 1256 786 1303 ff
849 1221 1075 1274 ducatur
1112 1223 1238 1273 ΓΗ.
1315 1221 1498 1290 itaque
1537 1221 1824 1290 parallelo-

137 1250 252 1362 Ὢ
838 1327 1142 1380 grammum
1182 1312 1266 1362 est
1304 1311 1544 1362 ΖΕΓΗ.
1600 1312 1654 1361 et
1694 1328 1824 1379 quo-

834 1399 984 1451 niam
1024 1402 1134 1451 ΒΕ
1156 1424 1225 1443 ---
1252 1401 1372 1468 ΕΓ,
1421 1398 1525 1450 erit

225 1489 281 1534 B
360 1489 423 1532 Ε
523 1490 584 1533 Γ
1038 1499 1098 1557 Δ
1131 1490 1305 1540 ΑΒΕ
1328 1513 1398 1530 =
1424 1491 1476 1540 A
1486 1489 1599 1539 ΕΓ
1600 1509 1612 1557 3

122 1593 248 1627 nam
285 1575 344 1628 in
383 1575 699 1644 aequalibus
740 1576 963 1629 basibus
1005 1579 1130 1629 sunt
1153 1580 1276 1646 ΒΕ,
1316 1579 1429 1630 ΕΓ
1446 1579 1501 1629 et
1541 1576 1599 1628 in
1630 1575 1823 1629 iisdem

121 1663 398 1734 parallelis
439 1666 555 1729 ΒΓ,
595 1667 723 1716 AH
757 1666 932 1735 [prop.
962 1663 1298 1731 XXXVIIIJ.
1367 1666 1552 1734 itaque

707 1755 879 1806 ΑΒΓ
904 1779 974 1796 =
1009 1755 1043 1806 2
1068 1755 1246 1807 ΑΕΓ.

121 1859 309 1895 uerum
349 1843 515 1896 etiam
557 1844 792 1896 ΖΕΓΗ
814 1867 882 1885 =
909 1843 943 1894 2
971 1844 1162 1911 ΑΕΓ;
1210 1861 1337 1895 nam
1379 1842 1555 1895 basim
1595 1842 1820 1895 eandem

119 1929 322 1983 habent
386 1934 441 1983 et
504 1932 561 1984 in
633 1930 826 1983 iisdem
882 1930 1161 2000 parallelis
1226 1934 1355 1984 sunt
1418 1933 1594 2001 [prop.
1649 1929 1819 1997 XLI].

119 2037 280 2089 quare
306 2022 539 2073 ΖΕΓΗ
556 2021 818 2073 =ABI'.
867 2023 923 2073 et
962 2021 1224 2091 angulum
1257 2022 1419 2072 ΓΕΖ
1452 2020 1577 2073 dato
1619 2020 1817 2090 angulo

119 2111 185 2193 A,
211 2109 493 2178 aequalem
531 2109 712 2162 habet.

230 2196 379 2268 Ergo
429 2198 555 2252 dato
595 2198 871 2268 triangulo
913 2200 1086 2251 ΑΒΓ
1110 2198 1334 2268 aequale
1373 2197 1817 2267 parallelogram-

115 2343 176 2374 m.
200 2336 246 2384 13
280 2331 355 2387 ἴσῃ
387 2330 443 2387 τῇ
476 2328 570 2386 Bp,
601 2328 690 2373 PV
719 2345 780 2375 m.
799 2336 840 2375 2.
994 2336 1034 2375 9.
1067 2327 1313 2386 τεμκνέσθω
1346 2346 1390 2387 p.
1529 2326 1652 2373 κατὰ
1685 2326 1737 2373 τὸ
1772 2331 1814 2372 Ε

116 2388 224 2445 δίχα
254 2387 302 2431 F.
425 2389 533 2446 καί]
566 2402 654 2434 om.
690 2406 740 2445 φ.
866 2395 934 2435 11.
969 2391 1058 2433 ΓΕ
1072 2390 1129 2448 Ζ]
1163 2391 1304 2433 ΖΕΓ
1331 2389 1383 2434 F.
1508 2393 1576 2433 12.
1609 2388 1688 2447 τῇ]
1722 2402 1811 2432 om.

115 2446 164 2493 F.
286 2448 404 2507 ΕΓ]
437 2461 526 2493 om.
560 2447 618 2502 F;
650 2448 818 2493 mutat.
849 2448 899 2492 in
931 2452 1023 2493 ΒΓ
1048 2449 1228 2493 m.2V.
1357 2454 1424 2492 13.
1459 2447 1567 2504 EZ]
1602 2450 1688 2492 ZE
1719 2446 1812 2504 Bp,

116 2505 156 2550 V
186 2521 248 2552 m.
265 2511 305 2551 2.
465 2507 593 2566 ΓΗ]
626 2506 717 2552 litt.
753 2511 797 2551 Γ
822 2508 871 2552 in
901 2521 991 2553 ras.
1022 2507 1079 2552 .V.
1228 2511 1297 2552 14.
1334 2504 1459 2552 ἐστίν
1490 2507 1587 2552 PF.
1742 2511 1811 2551 15.

116 2560 238 2625 ἔστί]
272 2561 396 2611 ἐστίν
427 2566 478 2621 Ρ,
513 2564 643 2611 ἔσται
673 2567 722 2611 F.
847 2566 965 2612 εἰσιν
989 2568 1040 2612 P.
1149 2570 1231 2611 17.
1252 2566 1367 2612 Post
1397 2563 1567 2617 αὐταῖς
1597 2565 1633 2609 F
1666 2565 1813 2609 habet

113 2627 297 2677 λοιπαῖς
339 2625 477 2670 delet.
521 2625 719 2682 punctis.
849 2631 953 2678 ταῖς
1015 2626 1175 2671 insert.
1208 2642 1269 2670 m.
1296 2630 1322 2670 2
1354 2626 1405 2670 F.
1546 2624 1659 2682 ΒΓ]
1695 2638 1810 2669 corr.

116 2696 173 2728 ex
202 2687 345 2728 ΒΕΓ
371 2685 420 2729 Ρ.
546 2689 613 2729 18.
646 2686 895 2744 τρίγωνον]
966 2722 977 2743 ,
1008 2685 1051 2729 V
1082 2701 1142 2730 m.
1169 2690 1218 2739 2;
1252 2699 1340 2730 om.
1359 2683 1521 2729 Theon
1554 2683 1812 2740 (BFbp,V

113 2756 173 2787 m.
209 2746 264 2800 1).
418 2748 486 2788 19.
535 2746 760 2803 ΖΕΓΗ]
806 2749 848 2788 Γ
881 2745 931 2790 in
969 2744 1005 2788 F
1052 2744 1245 2788 dubium
1286 2745 1370 2789 est.
1523 2746 1592 2787 20.
1643 2742 1808 2799 ΑΕΓ]

114 2805 251 2846 ΑΓΕ
280 2803 331 2847 F.
475 2807 544 2847 21.
580 2799 707 2847 ἐστιν
738 2799 888 2863 αὐτῷ]
920 2819 1014 2862 mg.
1047 2819 1108 2849 m.
1136 2808 1158 2846 1
1194 2804 1245 2847 P.
1369 2806 1441 2846 22.
1477 2797 1602 2846 ἐστίν
1635 2799 1686 2845 Ρ.

113 2864 182 2906 23.
217 2863 353 2906 ΓΕΖ
411 2863 504 2906 ΓΕ
536 2875 562 2907 e
594 2876 708 2907 corr.
742 2868 848 2908 m.2
881 2864 931 2908 F.
1083 2867 1153 2907 24.
1187 2862 1243 2920 τῇ
1279 2861 1343 2920 A]
1377 2861 1441 2919 τῷ
1474 2865 1516 2904 A
1548 2858 1598 2904 F.
1721 2860 1811 2919 l25.

112 2920 174 2979 τῷ
209 2924 345 2966 ΑΒΓ
402 2934 492 2966 om.
525 2922 576 2976 Β,
608 2936 701 2979 mg.
734 2937 794 2967 m.
828 2937 918 2967 rec.
952 2923 1009 2978 F;
1042 2922 1106 2982 τῷ
1141 2934 1255 2966 corr.
1291 2934 1348 2965 ex
1379 2916 1433 2964 τό
1466 2933 1528 2964 m.
1550 2924 1572 2963 1
1605 2918 1650 2964 b.

1481 2993 1540 3039 7*
