<?xml version="1.0" encoding="UTF-8"?>
<!DOCTYPE html PUBLIC "-//W3C//DTD XHTML 1.0 Transitional//EN"
    "http://www.w3.org/TR/xhtml1/DTD/xhtml1-transitional.dtd">
<html xmlns="http://www.w3.org/1999/xhtml" xml:lang="en" lang="en">
 <head>
  <title>
</title>
<meta http-equiv="Content-Type" content="text/html;charset=utf-8" />
  <meta name='ocr-system' content='tesseract 3.04.00' />
  <meta name='ocr-capabilities' content='ocr_page ocr_carea ocr_par ocr_line ocrx_word'/>
</head>
<body>
  <div class='ocr_page' id='page_1' title='image "./euclidisoperaomn01eucluoft_0212.png"; bbox 0 0 1956 3074; ppageno 0'>
   <div class='ocr_carea' id='block_1_1' title="bbox 75 1065 130 1104">
    <p class='ocr_par' dir='ltr' id='par_1_1' title="bbox 75 1065 130 1104">
     <span class='ocr_line' id='line_1_1' title="bbox 75 1065 130 1104; baseline 0 0"><span class='ocrx_word' id='word_1_1' title='bbox 75 1065 130 1104; x_wconf 91' lang='lat'><strong><em>10</em></strong></span> 
     </span>
    </p>
   </div>
   <div class='ocr_carea' id='block_1_2' title="bbox 75 1509 130 1548">
    <p class='ocr_par' dir='ltr' id='par_1_2' title="bbox 75 1509 130 1548">
     <span class='ocr_line' id='line_1_2' title="bbox 75 1509 130 1548; baseline 0 0"><span class='ocrx_word' id='word_1_2' title='bbox 75 1509 130 1548; x_wconf 88' lang='lat'><strong><em>15</em></strong></span> 
     </span>
    </p>
   </div>
   <div class='ocr_carea' id='block_1_3' title="bbox 73 2043 130 2083">
    <p class='ocr_par' dir='ltr' id='par_1_3' title="bbox 73 2043 130 2083">
     <span class='ocr_line' id='line_1_3' title="bbox 73 2043 130 2083; baseline 0.018 -1"><span class='ocrx_word' id='word_1_3' title='bbox 73 2043 130 2083; x_wconf 83' lang='lat'><strong><em>20</em></strong></span> 
     </span>
    </p>
   </div>
   <div class='ocr_carea' id='block_1_4' title="bbox 170 132 1233 191">
    <p class='ocr_par' dir='ltr' id='par_1_4' title="bbox 170 132 1233 191">
     <span class='ocr_line' id='line_1_4' title="bbox 170 132 1233 191; baseline -0.007 -6"><span class='ocrx_word' id='word_1_4' title='bbox 170 133 276 187; x_wconf 89' lang='grc'><strong><em>198</em></strong></span> <span class='ocrx_word' id='word_1_5' title='bbox 804 133 1141 178; x_wconf 72' lang='grc' dir='ltr'>ΣΤΟῙΧΕΙΩΝ</span> <span class='ocrx_word' id='word_1_6' title='bbox 1170 132 1233 191; x_wconf 69' lang='grc' dir='ltr'><strong><em>γ’.</em></strong></span> 
     </span>
    </p>
   </div>
   <div class='ocr_carea' id='block_1_5' title="bbox 161 249 1866 1654">
    <p class='ocr_par' dir='ltr' id='par_1_5' title="bbox 165 249 1855 413">
     <span class='ocr_line' id='line_1_5' title="bbox 167 249 1855 324; baseline 0.001 -17"><span class='ocrx_word' id='word_1_7' title='bbox 167 249 253 307; x_wconf 81' lang='grc' dir='ltr'><strong><em>ὅτι</em></strong></span> <span class='ocrx_word' id='word_1_8' title='bbox 293 249 327 322; x_wconf 84' lang='grc' dir='ltr'><em>ἡ</em></span> <span class='ocrx_word' id='word_1_9' title='bbox 370 249 479 308; x_wconf 78' lang='grc' dir='ltr'><strong><em>ἀπὸ</em></strong></span> <span class='ocrx_word' id='word_1_10' title='bbox 519 255 622 307; x_wconf 86' lang='grc' dir='ltr'><strong><em>τοῦ</em></strong></span> <span class='ocrx_word' id='word_1_11' title='bbox 664 258 708 306; x_wconf 94' lang='grc' dir='ltr'><strong><em>Ζ</em></strong></span> <span class='ocrx_word' id='word_1_12' title='bbox 748 252 836 307; x_wconf 84' lang='grc' dir='ltr'><strong><em>ἐπὶ</em></strong></span> <span class='ocrx_word' id='word_1_13' title='bbox 874 250 936 308; x_wconf 87' lang='grc' dir='ltr'><strong><em>τὸ</em></strong></span> <span class='ocrx_word' id='word_1_14' title='bbox 970 258 1036 307; x_wconf 90' lang='grc' dir='ltr'><em>Η</em></span> <span class='ocrx_word' id='word_1_15' title='bbox 1060 253 1487 324; x_wconf 80' lang='grc' dir='ltr'><em>ἐπιζευγνυμένη</em></span> <span class='ocrx_word' id='word_1_16' title='bbox 1527 250 1723 308; x_wconf 84' lang='grc' dir='ltr'><strong><em>εὐθεῖα</em></strong></span> <span class='ocrx_word' id='word_1_17' title='bbox 1762 251 1855 308; x_wconf 79' lang='grc' dir='ltr'><strong><em>διὰ</em></strong></span> 
     </span>
     <span class='ocr_line' id='line_1_6' title="bbox 165 339 1284 413; baseline 0.004 -19"><span class='ocrx_word' id='word_1_18' title='bbox 165 343 263 411; x_wconf 88' lang='grc' dir='ltr'><strong><em>τῆς</em></strong></span> <span class='ocrx_word' id='word_1_19' title='bbox 300 339 439 395; x_wconf 80' lang='grc' dir='ltr'><strong><em>κατὰ</em></strong></span> <span class='ocrx_word' id='word_1_20' title='bbox 480 339 543 397; x_wconf 92' lang='grc' dir='ltr'><strong><em>τὸ</em></strong></span> <span class='ocrx_word' id='word_1_21' title='bbox 586 348 638 396; x_wconf 93' lang='grc' dir='ltr'><em>Α</em></span> <span class='ocrx_word' id='word_1_22' title='bbox 677 342 891 413; x_wconf 83' lang='grc' dir='ltr'><strong><em>ἐπαφῆς</em></strong></span> <span class='ocrx_word' id='word_1_23' title='bbox 931 340 1225 398; x_wconf 82' lang='grc' dir='ltr'><strong><em>ἐλεύσεται.</em></strong></span> <span class='ocrx_word' id='word_1_24' title='bbox 1263 367 1284 387; x_wconf 67' lang='lat'>1</span> 
     </span>
    </p>

    <p class='ocr_par' dir='ltr' id='par_1_6' title="bbox 164 427 1858 589">
     <span class='ocr_line' id='line_1_7' title="bbox 278 427 1858 502; baseline 0.001 -18"><span class='ocrx_word' id='word_1_25' title='bbox 278 427 379 500; x_wconf 84' lang='grc' dir='ltr'><strong><em>Μὴ</em></strong></span> <span class='ocrx_word' id='word_1_26' title='bbox 411 428 538 501; x_wconf 77' lang='grc' dir='ltr'><strong><em>γάρ,</em></strong></span> <span class='ocrx_word' id='word_1_27' title='bbox 579 427 702 484; x_wconf 73' lang='grc' dir='ltr'><strong><em>ἀλλ’</em></strong></span> <span class='ocrx_word' id='word_1_28' title='bbox 746 433 798 485; x_wconf 86' lang='grc' dir='ltr'><strong><em>εἰ</em></strong></span> <span class='ocrx_word' id='word_1_29' title='bbox 835 429 1101 499; x_wconf 79' lang='grc' dir='ltr'><strong><em>δυνατόν,</em></strong></span> <span class='ocrx_word' id='word_1_30' title='bbox 1142 431 1389 502; x_wconf 79' lang='grc' dir='ltr'><em>ἐρχέσθω</em></span> <span class='ocrx_word' id='word_1_31' title='bbox 1430 427 1504 496; x_wconf 81' lang='grc' dir='ltr'><strong><em>ὦς</em></strong></span> <span class='ocrx_word' id='word_1_32' title='bbox 1543 428 1576 501; x_wconf 84' lang='grc' dir='ltr'><strong><em>ῆ</em></strong></span> <span class='ocrx_word' id='word_1_33' title='bbox 1618 435 1858 500; x_wconf 85' lang='grc' dir='ltr'><em>ΖΓΔΗ,</em></span> 
     </span>
     <span class='ocr_line' id='line_1_8' title="bbox 164 517 1155 589; baseline 0.002 -17"><span class='ocrx_word' id='word_1_34' title='bbox 164 517 258 572; x_wconf 87' lang='grc' dir='ltr'><strong><em>καὶ</em></strong></span> <span class='ocrx_word' id='word_1_35' title='bbox 298 517 718 589; x_wconf 82' lang='grc' dir='ltr'><strong><em>ἐπεζεύχθωσαν</em></strong></span> <span class='ocrx_word' id='word_1_36' title='bbox 759 520 820 573; x_wconf 81' lang='grc' dir='ltr'><strong><em>αἱ</em></strong></span> <span class='ocrx_word' id='word_1_37' title='bbox 855 525 982 588; x_wconf 85' lang='grc' dir='ltr'><strong><em>ΛΖ,</em></strong></span> <span class='ocrx_word' id='word_1_38' title='bbox 1024 525 1155 574; x_wconf 91' lang='grc' dir='ltr'><strong><em>ΑΗ.</em></strong></span> 
     </span>
    </p>

    <p class='ocr_par' dir='ltr' id='par_1_7' title="bbox 161 600 1866 1389">
     <span class='ocr_line' id='line_1_9' title="bbox 273 600 1865 680; baseline 0.001 -19"><span class='ocrx_word' id='word_1_39' title='bbox 273 603 421 661; x_wconf 85' lang='grc' dir='ltr'><strong><em>Ἐπεὶ</em></strong></span> <span class='ocrx_word' id='word_1_40' title='bbox 470 600 575 662; x_wconf 78' lang='grc' dir='ltr'><strong><em>οὖν</em></strong></span> <span class='ocrx_word' id='word_1_41' title='bbox 629 606 691 662; x_wconf 89' lang='grc' dir='ltr'><strong><em>τὸ</em></strong></span> <span class='ocrx_word' id='word_1_42' title='bbox 746 613 791 662; x_wconf 94' lang='grc' dir='ltr'><strong><em>Ζ</em></strong></span> <span class='ocrx_word' id='word_1_43' title='bbox 832 617 1063 678; x_wconf 84' lang='grc' dir='ltr'><strong><em>σημεῖον</em></strong></span> <span class='ocrx_word' id='word_1_44' title='bbox 1115 609 1350 680; x_wconf 80' lang='grc' dir='ltr'><strong><em>κέντρον</em></strong></span> <span class='ocrx_word' id='word_1_45' title='bbox 1397 607 1510 664; x_wconf 87' lang='grc' dir='ltr'><strong><em>ἐστὶ</em></strong></span> <span class='ocrx_word' id='word_1_46' title='bbox 1554 610 1656 663; x_wconf 85' lang='grc' dir='ltr'><strong><em>τοῦ</em></strong></span> <span class='ocrx_word' id='word_1_47' title='bbox 1696 612 1865 662; x_wconf 89' lang='grc' dir='ltr'><strong><em>ΑΒΓ</em></strong></span> 
     </span>
     <span class='ocr_line' id='line_1_10' title="bbox 163 693 1866 769; baseline 0.001 -20"><span class='ocrx_word' id='word_1_48' title='bbox 163 695 396 765; x_wconf 84' lang='grc' dir='ltr'><strong><em>κύκλου,</em></strong></span> <span class='ocrx_word' id='word_1_49' title='bbox 437 702 530 766; x_wconf 81' lang='grc' dir='ltr'><strong><em>ἴση</em></strong></span> <span class='ocrx_word' id='word_1_50' title='bbox 584 695 735 751; x_wconf 85' lang='grc' dir='ltr'><strong><em>ἐστὶν</em></strong></span> <span class='ocrx_word' id='word_1_51' title='bbox 773 693 808 767; x_wconf 83' lang='grc' dir='ltr'>ἡ</span> <span class='ocrx_word' id='word_1_52' title='bbox 851 701 958 751; x_wconf 94' lang='grc' dir='ltr'><strong><em>ΖΑ</em></strong></span> <span class='ocrx_word' id='word_1_53' title='bbox 995 699 1061 769; x_wconf 84' lang='grc' dir='ltr'><strong><em>τῇ</em></strong></span> <span class='ocrx_word' id='word_1_54' title='bbox 1103 702 1218 753; x_wconf 90' lang='grc' dir='ltr'><strong><em>ΖΓ.</em></strong></span> <span class='ocrx_word' id='word_1_55' title='bbox 1293 696 1489 767; x_wconf 75' lang='grc' dir='ltr'><strong><em>πάλιν,</em></strong></span> <span class='ocrx_word' id='word_1_56' title='bbox 1544 696 1658 752; x_wconf 89' lang='grc' dir='ltr'><strong><em>ἐπεὶ</em></strong></span> <span class='ocrx_word' id='word_1_57' title='bbox 1697 694 1760 751; x_wconf 89' lang='grc' dir='ltr'><strong><em>τὸ</em></strong></span> <span class='ocrx_word' id='word_1_58' title='bbox 1803 701 1866 750; x_wconf 90' lang='grc' dir='ltr'><em>Η</em></span> 
     </span>
     <span class='ocr_line' id='line_1_11' title="bbox 164 781 1859 856; baseline 0.002 -19"><span class='ocrx_word' id='word_1_59' title='bbox 164 794 396 853; x_wconf 81' lang='grc' dir='ltr'><strong><em>σημεῖον</em></strong></span> <span class='ocrx_word' id='word_1_60' title='bbox 435 784 670 855; x_wconf 81' lang='grc' dir='ltr'><strong><em>κέντρον</em></strong></span> <span class='ocrx_word' id='word_1_61' title='bbox 710 783 824 839; x_wconf 86' lang='grc' dir='ltr'><strong><em>ἐστὶ</em></strong></span> <span class='ocrx_word' id='word_1_62' title='bbox 862 787 965 839; x_wconf 87' lang='grc' dir='ltr'><strong><em>τοῦ</em></strong></span> <span class='ocrx_word' id='word_1_63' title='bbox 1006 791 1187 840; x_wconf 87' lang='grc' dir='ltr'><strong><em>ΑΔΕ</em></strong></span> <span class='ocrx_word' id='word_1_64' title='bbox 1221 784 1456 855; x_wconf 83' lang='grc' dir='ltr'><strong><em>κύκλου,</em></strong></span> <span class='ocrx_word' id='word_1_65' title='bbox 1502 792 1593 856; x_wconf 77' lang='grc' dir='ltr'><strong><em>ἴση</em></strong></span> <span class='ocrx_word' id='word_1_66' title='bbox 1635 784 1786 840; x_wconf 88' lang='grc' dir='ltr'><strong><em>ἐστὶν</em></strong></span> <span class='ocrx_word' id='word_1_67' title='bbox 1824 781 1859 855; x_wconf 81' lang='grc' dir='ltr'><em>ἡ</em></span> 
     </span>
     <span class='ocr_line' id='line_1_12' title="bbox 162 871 1864 948; baseline 0.001 -22"><span class='ocrx_word' id='word_1_68' title='bbox 162 877 283 927; x_wconf 90' lang='lat' dir='ltr'><strong><em>HA</em></strong></span> <span class='ocrx_word' id='word_1_69' title='bbox 320 875 387 945; x_wconf 82' lang='grc' dir='ltr'><strong><em>τῇ</em></strong></span> <span class='ocrx_word' id='word_1_70' title='bbox 428 878 568 927; x_wconf 90' lang='grc' dir='ltr'><strong><em>ΗΔ.</em></strong></span> <span class='ocrx_word' id='word_1_71' title='bbox 647 875 873 944; x_wconf 81' lang='grc' dir='ltr'><strong><em>ἐδείχθη</em></strong></span> <span class='ocrx_word' id='word_1_72' title='bbox 922 873 985 929; x_wconf 77' lang='grc' dir='ltr'><strong><em>δὲ</em></strong></span> <span class='ocrx_word' id='word_1_73' title='bbox 1021 874 1113 928; x_wconf 87' lang='grc' dir='ltr'><strong><em>καὶ</em></strong></span> <span class='ocrx_word' id='word_1_74' title='bbox 1152 871 1187 945; x_wconf 82' lang='grc' dir='ltr'><em>ἡ</em></span> <span class='ocrx_word' id='word_1_75' title='bbox 1230 880 1338 929; x_wconf 94' lang='grc' dir='ltr'><strong><em>ΖΑ</em></strong></span> <span class='ocrx_word' id='word_1_76' title='bbox 1374 877 1439 948; x_wconf 81' lang='grc' dir='ltr'><strong><em>τῇ</em></strong></span> <span class='ocrx_word' id='word_1_77' title='bbox 1482 879 1588 930; x_wconf 83' lang='grc' dir='ltr'><strong><em>ΖΡ</em></strong></span> <span class='ocrx_word' id='word_1_78' title='bbox 1621 881 1739 944; x_wconf 81' lang='grc' dir='ltr'><strong><em>ἴση·</em></strong></span> <span class='ocrx_word' id='word_1_79' title='bbox 1802 874 1864 927; x_wconf 69' lang='grc' dir='ltr'><strong><em>αι’</em></strong></span> 
     </span>
     <span class='ocr_line' id='line_1_13' title="bbox 162 959 1858 1033; baseline 0.002 -18"><span class='ocrx_word' id='word_1_80' title='bbox 162 959 274 1029; x_wconf 76' lang='grc' dir='ltr'><strong><em>ἄρα</em></strong></span> <span class='ocrx_word' id='word_1_81' title='bbox 312 967 439 1031; x_wconf 85' lang='grc' dir='ltr'><strong><em>ΖΑ,</em></strong></span> <span class='ocrx_word' id='word_1_82' title='bbox 479 967 602 1016; x_wconf 93' lang='lat' dir='ltr'><strong><em>AH</em></strong></span> <span class='ocrx_word' id='word_1_83' title='bbox 636 973 757 1028; x_wconf 81' lang='grc' dir='ltr'><strong><em>ταῖς</em></strong></span> <span class='ocrx_word' id='word_1_84' title='bbox 796 966 915 1031; x_wconf 82' lang='grc' dir='ltr'><strong><em>ΖΓ,</em></strong></span> <span class='ocrx_word' id='word_1_85' title='bbox 955 968 1079 1017; x_wconf 91' lang='grc' dir='ltr'><strong><em>ΗΔ</em></strong></span> <span class='ocrx_word' id='word_1_86' title='bbox 1118 970 1234 1018; x_wconf 75' lang='grc' dir='ltr'><strong><em>ἴσαι</em></strong></span> <span class='ocrx_word' id='word_1_87' title='bbox 1273 966 1446 1019; x_wconf 80' lang='grc' dir='ltr'><strong><em>εἰσίν·</em></strong></span> <span class='ocrx_word' id='word_1_88' title='bbox 1505 961 1643 1018; x_wconf 77' lang='grc' dir='ltr'><strong><em>ὥστε</em></strong></span> <span class='ocrx_word' id='word_1_89' title='bbox 1682 960 1783 1033; x_wconf 81' lang='grc' dir='ltr'><strong><em>ὅλη</em></strong></span> <span class='ocrx_word' id='word_1_90' title='bbox 1824 959 1858 1033; x_wconf 83' lang='grc' dir='ltr'><em>ἡ</em></span> 
     </span>
     <span class='ocr_line' id='line_1_14' title="bbox 164 1049 1858 1121; baseline 0.001 -17"><span class='ocrx_word' id='word_1_91' title='bbox 164 1053 288 1104; x_wconf 91' lang='grc' dir='ltr'><strong><em>ΖΗ</em></strong></span> <span class='ocrx_word' id='word_1_92' title='bbox 315 1052 430 1105; x_wconf 79' lang='grc' dir='ltr'><strong><em>τῶν</em></strong></span> <span class='ocrx_word' id='word_1_93' title='bbox 470 1056 597 1121; x_wconf 83' lang='grc' dir='ltr'><strong><em>ΖΑ,</em></strong></span> <span class='ocrx_word' id='word_1_94' title='bbox 649 1055 775 1105; x_wconf 91' lang='grc' dir='ltr'><strong><em>ΑΗ</em></strong></span> <span class='ocrx_word' id='word_1_95' title='bbox 807 1055 1006 1121; x_wconf 88' lang='grc' dir='ltr'><strong><em>μείζων</em></strong></span> <span class='ocrx_word' id='word_1_96' title='bbox 1046 1052 1228 1107; x_wconf 87' lang='grc' dir='ltr'><strong><em>ἐστίν·</em></strong></span> <span class='ocrx_word' id='word_1_97' title='bbox 1274 1049 1415 1106; x_wconf 79' lang='grc' dir='ltr'><strong><em>ἀλλὰ</em></strong></span> <span class='ocrx_word' id='word_1_98' title='bbox 1455 1051 1548 1106; x_wconf 83' lang='grc' dir='ltr'><strong><em>καὶ</em></strong></span> <span class='ocrx_word' id='word_1_99' title='bbox 1589 1049 1858 1106; x_wconf 80' lang='grc' dir='ltr'><strong><em>ἐλάττων·</em></strong></span> 
     </span>
     <span class='ocr_line' id='line_1_15' title="bbox 162 1137 1857 1211; baseline 0 -16"><span class='ocrx_word' id='word_1_100' title='bbox 162 1137 299 1210; x_wconf 81' lang='grc' dir='ltr'><strong><em>ὅπερ</em></strong></span> <span class='ocrx_word' id='word_1_101' title='bbox 340 1138 491 1195; x_wconf 83' lang='grc' dir='ltr'><strong><em>ἐστὶν</em></strong></span> <span class='ocrx_word' id='word_1_102' title='bbox 530 1137 829 1195; x_wconf 79' lang='grc' dir='ltr'><strong><em>ἀδύνατον.</em></strong></span> <span class='ocrx_word' id='word_1_103' title='bbox 912 1138 1018 1195; x_wconf 86' lang='grc' dir='ltr'><strong><em>οὐκ</em></strong></span> <span class='ocrx_word' id='word_1_104' title='bbox 1056 1137 1169 1211; x_wconf 71' lang='grc' dir='ltr'><strong><em>ἄρα</em></strong></span> <span class='ocrx_word' id='word_1_105' title='bbox 1216 1138 1251 1211; x_wconf 84' lang='grc' dir='ltr'><em>ἡ</em></span> <span class='ocrx_word' id='word_1_106' title='bbox 1292 1138 1402 1196; x_wconf 81' lang='grc' dir='ltr'><strong><em>ἀπὸ</em></strong></span> <span class='ocrx_word' id='word_1_107' title='bbox 1442 1143 1543 1196; x_wconf 90' lang='grc' dir='ltr'><strong><em>τοῦ</em></strong></span> <span class='ocrx_word' id='word_1_108' title='bbox 1586 1145 1629 1194; x_wconf 94' lang='grc' dir='ltr'>Ζ</span> <span class='ocrx_word' id='word_1_109' title='bbox 1669 1140 1756 1195; x_wconf 87' lang='grc' dir='ltr'><strong><em>ἐπὶ</em></strong></span> <span class='ocrx_word' id='word_1_110' title='bbox 1794 1137 1857 1195; x_wconf 89' lang='grc' dir='ltr'><strong><em>τὸ</em></strong></span> 
     </span>
     <span class='ocr_line' id='line_1_16' title="bbox 161 1225 1860 1300; baseline -0.001 -17"><span class='ocrx_word' id='word_1_111' title='bbox 161 1233 227 1283; x_wconf 92' lang='grc' dir='ltr'>Η</span> <span class='ocrx_word' id='word_1_112' title='bbox 258 1229 687 1300; x_wconf 80' lang='grc' dir='ltr'><strong><em>ἐπιζευγνυμένη</em></strong></span> <span class='ocrx_word' id='word_1_113' title='bbox 737 1225 933 1283; x_wconf 83' lang='grc' dir='ltr'><strong><em>εὐθεῖα</em></strong></span> <span class='ocrx_word' id='word_1_114' title='bbox 982 1226 1075 1283; x_wconf 80' lang='grc' dir='ltr'><strong><em>διὰ</em></strong></span> <span class='ocrx_word' id='word_1_115' title='bbox 1123 1231 1222 1300; x_wconf 91' lang='grc' dir='ltr'><strong><em>τῆς</em></strong></span> <span class='ocrx_word' id='word_1_116' title='bbox 1269 1227 1407 1284; x_wconf 81' lang='grc' dir='ltr'><strong><em>κατὰ</em></strong></span> <span class='ocrx_word' id='word_1_117' title='bbox 1447 1226 1511 1284; x_wconf 87' lang='grc' dir='ltr'><strong><em>τὸ</em></strong></span> <span class='ocrx_word' id='word_1_118' title='bbox 1553 1235 1605 1283; x_wconf 95' lang='grc' dir='ltr'><em>Α</em></span> <span class='ocrx_word' id='word_1_119' title='bbox 1646 1229 1860 1298; x_wconf 84' lang='grc' dir='ltr'><strong><em>ἐπαφῆς</em></strong></span> 
     </span>
     <span class='ocr_line' id='line_1_17' title="bbox 162 1313 1114 1389; baseline 0.001 -18"><span class='ocrx_word' id='word_1_120' title='bbox 162 1313 267 1372; x_wconf 83' lang='grc' dir='ltr'><strong><em>οὐκ</em></strong></span> <span class='ocrx_word' id='word_1_121' title='bbox 307 1316 614 1372; x_wconf 87' lang='grc' dir='ltr'><strong><em>ἐλεύσεται·</em></strong></span> <span class='ocrx_word' id='word_1_122' title='bbox 656 1314 731 1371; x_wconf 81' lang='grc' dir='ltr'><strong><em>δι’</em></strong></span> <span class='ocrx_word' id='word_1_123' title='bbox 776 1315 950 1387; x_wconf 84' lang='grc' dir='ltr'><strong><em>αὐτῆς</em></strong></span> <span class='ocrx_word' id='word_1_124' title='bbox 989 1315 1114 1389; x_wconf 76' lang='grc' dir='ltr'><strong><em>ἄρα.</em></strong></span> 
     </span>
    </p>

    <p class='ocr_par' dir='ltr' id='par_1_8' title="bbox 161 1401 1858 1654">
     <span class='ocr_line' id='line_1_18' title="bbox 268 1401 1858 1477; baseline 0 -18"><span class='ocrx_word' id='word_1_125' title='bbox 268 1401 400 1460; x_wconf 78' lang='grc' dir='ltr'><strong><em>Ἐὰν</em></strong></span> <span class='ocrx_word' id='word_1_126' title='bbox 448 1403 557 1477; x_wconf 76' lang='grc' dir='ltr'><strong><em>ἄρα</em></strong></span> <span class='ocrx_word' id='word_1_127' title='bbox 605 1403 710 1460; x_wconf 85' lang='grc' dir='ltr'><strong><em>δύο</em></strong></span> <span class='ocrx_word' id='word_1_128' title='bbox 757 1403 952 1459; x_wconf 91' lang='grc' dir='ltr'><strong><em>κύκλοι</em></strong></span> <span class='ocrx_word' id='word_1_129' title='bbox 997 1404 1349 1475; x_wconf 83' lang='grc' dir='ltr'><strong><em>ἐφάπτωνται</em></strong></span> <span class='ocrx_word' id='word_1_130' title='bbox 1389 1403 1648 1475; x_wconf 84' lang='grc' dir='ltr'><strong><em>ἀλλήλων</em></strong></span> <span class='ocrx_word' id='word_1_131' title='bbox 1688 1403 1858 1472; x_wconf 86' lang='grc' dir='ltr'><strong><em>ἐκτός,</em></strong></span> 
     </span>
     <span class='ocr_line' id='line_1_19' title="bbox 162 1490 1856 1565; baseline 0 -17"><span class='ocrx_word' id='word_1_132' title='bbox 162 1490 197 1564; x_wconf 83' lang='grc' dir='ltr'><em>ἡ</em></span> <span class='ocrx_word' id='word_1_133' title='bbox 247 1493 334 1548; x_wconf 87' lang='grc' dir='ltr'><strong><em>ἐπὶ</em></strong></span> <span class='ocrx_word' id='word_1_134' title='bbox 380 1492 447 1548; x_wconf 83' lang='grc' dir='ltr'><strong><em>τὰ</em></strong></span> <span class='ocrx_word' id='word_1_135' title='bbox 499 1494 699 1565; x_wconf 80' lang='grc' dir='ltr'><strong><em>κέντρα</em></strong></span> <span class='ocrx_word' id='word_1_136' title='bbox 750 1490 939 1549; x_wconf 78' lang='grc' dir='ltr'><strong><em>αὐτῶν</em></strong></span> <span class='ocrx_word' id='word_1_137' title='bbox 993 1494 1421 1565; x_wconf 76' lang='grc' dir='ltr'><strong><em>ἐπιζευγνυμένη</em></strong></span> <span class='ocrx_word' id='word_1_138' title='bbox 1472 1491 1713 1562; x_wconf 84' lang='grc' dir='ltr'><strong><em>[εὐθεῖα]</em></strong></span> <span class='ocrx_word' id='word_1_139' title='bbox 1763 1490 1856 1548; x_wconf 81' lang='grc' dir='ltr'><strong><em>διὰ</em></strong></span> 
     </span>
     <span class='ocr_line' id='line_1_20' title="bbox 161 1579 1425 1654; baseline 0 -17"><span class='ocrx_word' id='word_1_140' title='bbox 161 1584 257 1654; x_wconf 86' lang='grc' dir='ltr'><strong><em>τῆς</em></strong></span> <span class='ocrx_word' id='word_1_141' title='bbox 296 1583 511 1654; x_wconf 84' lang='grc' dir='ltr'><strong><em>ἐπαφῆς</em></strong></span> <span class='ocrx_word' id='word_1_142' title='bbox 551 1580 864 1638; x_wconf 87' lang='grc' dir='ltr'><strong><em>ἐλεύσεται·</em></strong></span> <span class='ocrx_word' id='word_1_143' title='bbox 906 1579 1041 1653; x_wconf 82' lang='grc' dir='ltr'><strong><em>ὅπερ</em></strong></span> <span class='ocrx_word' id='word_1_144' title='bbox 1082 1584 1194 1637; x_wconf 82' lang='grc' dir='ltr'><strong><em>ἔδει</em></strong></span> <span class='ocrx_word' id='word_1_145' title='bbox 1235 1583 1425 1648; x_wconf 75' lang='grc' dir='ltr'><strong><em>δεῖξαι.</em></strong></span> 
     </span>
    </p>
   </div>
   <div class='ocr_carea' id='block_1_6' title="bbox 161 1767 1861 2362">
    <p class='ocr_par' dir='ltr' id='par_1_9' title="bbox 967 1767 1068 1815">
     <span class='ocr_line' id='line_1_21' title="bbox 967 1767 1068 1815; baseline 0.01 -16"><span class='ocrx_word' id='word_1_146' title='bbox 967 1767 1068 1815; x_wconf 92' lang='grc' dir='ltr'><strong><em>ιγ.</em></strong></span> 
     </span>
    </p>

    <p class='ocr_par' dir='ltr' id='par_1_10' title="bbox 161 1845 1858 2097">
     <span class='ocr_line' id='line_1_22' title="bbox 273 1845 1857 1918; baseline -0.001 -15"><span class='ocrx_word' id='word_1_147' title='bbox 273 1846 533 1913; x_wconf 79' lang='grc' dir='ltr'><strong><em>Κύκλος</em></strong></span> <span class='ocrx_word' id='word_1_148' title='bbox 567 1845 814 1903; x_wconf 90' lang='grc' dir='ltr'><strong><em>κύκλου</em></strong></span> <span class='ocrx_word' id='word_1_149' title='bbox 848 1845 967 1903; x_wconf 84' lang='grc' dir='ltr'><strong><em>οὐκ</em></strong></span> <span class='ocrx_word' id='word_1_150' title='bbox 1001 1846 1354 1918; x_wconf 83' lang='grc' dir='ltr'><strong><em>ἐφάπτεται</em></strong></span> <span class='ocrx_word' id='word_1_151' title='bbox 1386 1845 1546 1902; x_wconf 82' lang='grc' dir='ltr'><strong><em>κατὰ</em></strong></span> <span class='ocrx_word' id='word_1_152' title='bbox 1578 1850 1857 1902; x_wconf 90' lang='grc' dir='ltr'><strong><em>πλείονα</em></strong></span> 
     </span>
     <span class='ocr_line' id='line_1_23' title="bbox 161 1932 1858 2007; baseline -0.001 -15"><span class='ocrx_word' id='word_1_153' title='bbox 161 1946 395 2007; x_wconf 82' lang='grc' dir='ltr'><strong><em>σημεῖα</em></strong></span> <span class='ocrx_word' id='word_1_154' title='bbox 448 1932 483 2007; x_wconf 83' lang='grc' dir='ltr'><em>ἢ</em></span> <span class='ocrx_word' id='word_1_155' title='bbox 538 1933 685 1991; x_wconf 91' lang='grc' dir='ltr'><strong><em>καθ’</em></strong></span> <span class='ocrx_word' id='word_1_156' title='bbox 748 1937 844 2006; x_wconf 81' lang='grc' dir='ltr'><strong><em>ἕν,</em></strong></span> <span class='ocrx_word' id='word_1_157' title='bbox 899 1935 1012 1992; x_wconf 80' lang='grc' dir='ltr'><strong><em>ἐάν</em></strong></span> <span class='ocrx_word' id='word_1_158' title='bbox 1060 1956 1126 1991; x_wconf 91' lang='grc' dir='ltr'><strong><em>τε</em></strong></span> <span class='ocrx_word' id='word_1_159' title='bbox 1173 1935 1360 2001; x_wconf 89' lang='grc' dir='ltr'><strong><em>ἐντὸς</em></strong></span> <span class='ocrx_word' id='word_1_160' title='bbox 1407 1934 1520 1992; x_wconf 79' lang='grc' dir='ltr'><strong><em>ἐάν</em></strong></span> <span class='ocrx_word' id='word_1_161' title='bbox 1569 1957 1635 1991; x_wconf 88' lang='grc' dir='ltr'><strong><em>τε</em></strong></span> <span class='ocrx_word' id='word_1_162' title='bbox 1675 1933 1858 2001; x_wconf 85' lang='grc' dir='ltr'><strong><em>ἐκτὸς</em></strong></span> 
     </span>
     <span class='ocr_line' id='line_1_24' title="bbox 163 2024 546 2097; baseline 0 -17"><span class='ocrx_word' id='word_1_163' title='bbox 163 2024 546 2097; x_wconf 77' lang='grc' dir='ltr'><strong><em>ἐφάπτηται.</em></strong></span> 
     </span>
    </p>

    <p class='ocr_par' dir='ltr' id='par_1_11' title="bbox 163 2109 1861 2362">
     <span class='ocr_line' id='line_1_25' title="bbox 275 2109 1861 2186; baseline -0.001 -17"><span class='ocrx_word' id='word_1_164' title='bbox 275 2117 348 2169; x_wconf 81' lang='grc' dir='ltr'><strong><em>Εἰ</em></strong></span> <span class='ocrx_word' id='word_1_165' title='bbox 399 2113 508 2186; x_wconf 81' lang='grc' dir='ltr'><strong><em>γὰρ</em></strong></span> <span class='ocrx_word' id='word_1_166' title='bbox 567 2111 839 2182; x_wconf 82' lang='grc' dir='ltr'><strong><em>δυνατόν,</em></strong></span> <span class='ocrx_word' id='word_1_167' title='bbox 882 2111 1085 2178; x_wconf 82' lang='grc' dir='ltr'><strong><em>κύκλος</em></strong></span> <span class='ocrx_word' id='word_1_168' title='bbox 1132 2109 1161 2168; x_wconf 87' lang='grc' dir='ltr'>ὁ</span> <span class='ocrx_word' id='word_1_169' title='bbox 1219 2116 1441 2168; x_wconf 88' lang='grc' dir='ltr'><em>ΑΒΓΔ</em></span> <span class='ocrx_word' id='word_1_170' title='bbox 1494 2110 1704 2168; x_wconf 88' lang='grc' dir='ltr'><strong><em>κύκλου</em></strong></span> <span class='ocrx_word' id='word_1_171' title='bbox 1759 2120 1861 2169; x_wconf 90' lang='grc' dir='ltr'><strong><em>τοῦ</em></strong></span> 
     </span>
     <span class='ocr_line' id='line_1_26' title="bbox 163 2198 1858 2273; baseline -0.001 -16"><span class='ocrx_word' id='word_1_172' title='bbox 163 2207 393 2257; x_wconf 87' lang='grc' dir='ltr'><em>ΕΒΖΔ</em></span> <span class='ocrx_word' id='word_1_173' title='bbox 433 2202 765 2272; x_wconf 82' lang='grc' dir='ltr'><strong><em>ἐφαπτέσθω</em></strong></span> <span class='ocrx_word' id='word_1_174' title='bbox 805 2199 1081 2273; x_wconf 91' lang='grc' dir='ltr'><strong><em>πρότερον</em></strong></span> <span class='ocrx_word' id='word_1_175' title='bbox 1121 2199 1279 2266; x_wconf 88' lang='grc' dir='ltr'><strong><em>ἐντὸς</em></strong></span> <span class='ocrx_word' id='word_1_176' title='bbox 1317 2198 1454 2255; x_wconf 79' lang='grc' dir='ltr'><strong><em>κατὰ</em></strong></span> <span class='ocrx_word' id='word_1_177' title='bbox 1497 2205 1728 2256; x_wconf 83' lang='grc' dir='ltr'><strong><em>πλείονα</em></strong></span> <span class='ocrx_word' id='word_1_178' title='bbox 1768 2217 1858 2272; x_wconf 88' lang='grc' dir='ltr'><strong><em>ση-</em></strong></span> 
     </span>
     <span class='ocr_line' id='line_1_27' title="bbox 163 2286 788 2362; baseline -0.002 -17"><span class='ocrx_word' id='word_1_179' title='bbox 163 2301 289 2362; x_wconf 83' lang='grc' dir='ltr'><strong><em>μεῖα</em></strong></span> <span class='ocrx_word' id='word_1_180' title='bbox 328 2286 361 2361; x_wconf 84' lang='grc' dir='ltr'><em>ἢ</em></span> <span class='ocrx_word' id='word_1_181' title='bbox 404 2292 466 2344; x_wconf 77' lang='grc' dir='ltr'><strong><em>ἓν</em></strong></span> <span class='ocrx_word' id='word_1_182' title='bbox 504 2290 570 2345; x_wconf 83' lang='grc' dir='ltr'><strong><em>τὰ</em></strong></span> <span class='ocrx_word' id='word_1_183' title='bbox 613 2295 686 2360; x_wconf 87' lang='grc' dir='ltr'><strong><em>Δ,</em></strong></span> <span class='ocrx_word' id='word_1_184' title='bbox 725 2295 788 2345; x_wconf 93' lang='grc' dir='ltr'><strong><em>Β.</em></strong></span> 
     </span>
    </p>
   </div>
   <div class='ocr_carea' id='block_1_7' title="bbox 165 2424 521 2433">
    <p class='ocr_par' dir='ltr' id='par_1_12' title="bbox 165 2424 521 2433">
     <span class='ocr_line' id='line_1_28' title="bbox 165 2424 521 2433; baseline 0 641"><span class='ocrx_word' id='word_1_185' title='bbox 165 2424 521 2433; x_wconf 95' lang='lat' dir='ltr'><strong><em> </em></strong></span> 
     </span>
    </p>
   </div>
   <div class='ocr_carea' id='block_1_8' title="bbox 162 2508 1859 2760">
    <p class='ocr_par' dir='ltr' id='par_1_13' title="bbox 162 2508 1859 2747">
     <span class='ocr_line' id='line_1_29' title="bbox 283 2508 1857 2569; baseline -0.001 -13"><span class='ocrx_word' id='word_1_186' title='bbox 283 2517 324 2557; x_wconf 94' lang='grc'><strong><em>2.</em></strong></span> <span class='ocrx_word' id='word_1_187' title='bbox 358 2508 477 2556; x_wconf 79' lang='grc' dir='ltr'><strong><em>κατὰ</em></strong></span> <span class='ocrx_word' id='word_1_188' title='bbox 510 2509 563 2555; x_wconf 89' lang='grc' dir='ltr'><strong><em>τὸ</em></strong></span> <span class='ocrx_word' id='word_1_189' title='bbox 600 2511 656 2568; x_wconf 85' lang='grc' dir='ltr'><strong><em>Α]</em></strong></span> <span class='ocrx_word' id='word_1_190' title='bbox 691 2524 831 2568; x_wconf 84' lang='lat' dir='ltr'>supra</span> <span class='ocrx_word' id='word_1_191' title='bbox 862 2515 975 2555; x_wconf 61' lang='grc'><strong>1112</strong></span> <span class='ocrx_word' id='word_1_192' title='bbox 1007 2510 1063 2556; x_wconf 92' lang='lat' dir='ltr'><strong><em>V.</em></strong></span> <span class='ocrx_word' id='word_1_193' title='bbox 1186 2516 1227 2556; x_wconf 94' lang='lat'><strong><em>4.</em></strong></span> <span class='ocrx_word' id='word_1_194' title='bbox 1259 2511 1362 2569; x_wconf 91' lang='lat' dir='ltr'><strong><em>AZ]</em></strong></span> <span class='ocrx_word' id='word_1_195' title='bbox 1397 2514 1476 2555; x_wconf 88' lang='lat' dir='ltr'><strong><em>ZA</em></strong></span> <span class='ocrx_word' id='word_1_196' title='bbox 1508 2510 1557 2553; x_wconf 91' lang='lat' dir='ltr'><strong><em>P.</em></strong></span> <span class='ocrx_word' id='word_1_197' title='bbox 1681 2515 1720 2555; x_wconf 85' lang='grc'><strong>6.</strong></span> <span class='ocrx_word' id='word_1_198' title='bbox 1756 2510 1857 2568; x_wconf 89' lang='lat' dir='ltr'><strong><em>ZA]</em></strong></span> 
     </span>
     <span class='ocr_line' id='line_1_30' title="bbox 163 2569 1859 2627; baseline -0.003 -10"><span class='ocrx_word' id='word_1_199' title='bbox 163 2577 200 2618; x_wconf 82' lang='lat' dir='ltr'><em>A</em></span> <span class='ocrx_word' id='word_1_200' title='bbox 232 2572 287 2616; x_wconf 93' lang='lat' dir='ltr'><strong><em>V.</em></strong></span> <span class='ocrx_word' id='word_1_201' title='bbox 427 2576 467 2616; x_wconf 90' lang='lat'><strong><em>8.</em></strong></span> <span class='ocrx_word' id='word_1_202' title='bbox 500 2573 598 2614; x_wconf 87' lang='lat' dir='ltr'><strong><em>AH</em></strong></span> <span class='ocrx_word' id='word_1_203' title='bbox 625 2570 676 2615; x_wconf 98' lang='lat' dir='ltr'><strong><em>F.</em></strong></span> <span class='ocrx_word' id='word_1_204' title='bbox 796 2570 920 2614; x_wconf 75' lang='lat' dir='ltr'><strong>Ante</strong></span> <span class='ocrx_word' id='word_1_205' title='bbox 956 2574 1052 2614; x_wconf 83' lang='lat' dir='ltr'><strong><em>HA</em></strong></span> <span class='ocrx_word' id='word_1_206' title='bbox 1087 2575 1110 2614; x_wconf 91' lang='lat'><strong>1</strong></span> <span class='ocrx_word' id='word_1_207' title='bbox 1142 2569 1234 2615; x_wconf 76' lang='lat' dir='ltr'><strong>litt.</strong></span> <span class='ocrx_word' id='word_1_208' title='bbox 1269 2583 1386 2615; x_wconf 81' lang='lat' dir='ltr'><strong>eras.</strong></span> <span class='ocrx_word' id='word_1_209' title='bbox 1418 2570 1467 2614; x_wconf 92' lang='lat' dir='ltr'><strong>F.</strong></span> <span class='ocrx_word' id='word_1_210' title='bbox 1602 2573 1643 2614; x_wconf 84' lang='lat'><strong><em>9.</em></strong></span> <span class='ocrx_word' id='word_1_211' title='bbox 1677 2569 1790 2627; x_wconf 86' lang='grc' dir='ltr'><strong><em>ΖΓ]</em></strong></span> <span class='ocrx_word' id='word_1_212' title='bbox 1825 2572 1859 2612; x_wconf 93' lang='grc' dir='ltr'><strong>Ζ</strong></span> 
     </span>
     <span class='ocr_line' id='line_1_31' title="bbox 164 2624 1859 2687; baseline -0.002 -11"><span class='ocrx_word' id='word_1_213' title='bbox 164 2632 221 2686; x_wconf 92' lang='lat' dir='ltr'><strong><em>V,</em></strong></span> <span class='ocrx_word' id='word_1_214' title='bbox 254 2645 369 2676; x_wconf 87' lang='lat' dir='ltr'><strong>corr.</strong></span> <span class='ocrx_word' id='word_1_215' title='bbox 404 2643 460 2674; x_wconf 84' lang='lat' dir='ltr'><strong><em>ex</em></strong></span> <span class='ocrx_word' id='word_1_216' title='bbox 494 2633 537 2673; x_wconf 92' lang='grc' dir='ltr'>Γ</span> <span class='ocrx_word' id='word_1_217' title='bbox 563 2644 624 2672; x_wconf 91' lang='lat' dir='ltr'><strong><em>m.</em></strong></span> <span class='ocrx_word' id='word_1_218' title='bbox 654 2635 692 2674; x_wconf 86' lang='lat'><strong><em>1.</em></strong></span> <span class='ocrx_word' id='word_1_219' title='bbox 816 2629 935 2687; x_wconf 83' lang='lat' dir='ltr'><strong><em>HA]</em></strong></span> <span class='ocrx_word' id='word_1_220' title='bbox 970 2635 1012 2672; x_wconf 82' lang='lat' dir='ltr'><em>A</em></span> <span class='ocrx_word' id='word_1_221' title='bbox 1025 2633 1072 2673; x_wconf 91' lang='lat' dir='ltr'><em>H</em></span> <span class='ocrx_word' id='word_1_222' title='bbox 1100 2628 1179 2686; x_wconf 86' lang='lat' dir='ltr'><strong><em>Pp</em></strong></span> <span class='ocrx_word' id='word_1_223' title='bbox 1290 2634 1357 2675; x_wconf 90' lang='lat'><strong><em>10.</em></strong></span> <span class='ocrx_word' id='word_1_224' title='bbox 1393 2625 1596 2673; x_wconf 77' lang='grc' dir='ltr'><strong><em>ἐλάττων</em></strong></span> <span class='ocrx_word' id='word_1_225' title='bbox 1653 2624 1859 2672; x_wconf 73' lang='grc' dir='ltr'><strong><em>ἐλάσσων</em></strong></span> 
     </span>
     <span class='ocr_line' id='line_1_32' title="bbox 162 2645 1858 2760; baseline -0.003 -25"><span class='ocrx_word' id='word_1_226' title='bbox 162 2691 222 2743; x_wconf 83' lang='lat' dir='ltr'><strong><em>F;</em></strong></span> <span class='ocrx_word' id='word_1_227' title='bbox 271 2686 536 2747; x_wconf 78' lang='grc' dir='ltr'><strong><em>ηέλάττων</em></strong></span> <span class='ocrx_word' id='word_1_228' title='bbox 570 2689 623 2732; x_wconf 89' lang='lat' dir='ltr'><strong><em>V.</em></strong></span> <span class='ocrx_word' id='word_1_229' title='bbox 765 2693 833 2733; x_wconf 89' lang='lat'><strong><em>11.</em></strong></span> <span class='ocrx_word' id='word_1_230' title='bbox 868 2684 1011 2760; x_wconf 83' lang='grc' dir='ltr'><strong><em>ἐστίν]</em></strong></span> <span class='ocrx_word' id='word_1_231' title='bbox 1047 2703 1136 2733; x_wconf 89' lang='lat' dir='ltr'><strong><em>om.</em></strong></span> <span class='ocrx_word' id='word_1_232' title='bbox 1148 2645 1215 2746; x_wconf 71' lang='lat' dir='ltr'><strong><em>pp.</em></strong></span> <span class='ocrx_word' id='word_1_233' title='bbox 1360 2688 1467 2747; x_wconf 83' lang='grc' dir='ltr'><strong><em>τοῦ]</em></strong></span> <span class='ocrx_word' id='word_1_234' title='bbox 1500 2685 1552 2732; x_wconf 87' lang='grc' dir='ltr'><strong><em>τό</em></strong></span> <span class='ocrx_word' id='word_1_235' title='bbox 1627 2724 1636 2733; x_wconf 95' lang='grc'><strong>.</strong></span> <span class='ocrx_word' id='word_1_236' title='bbox 1790 2691 1858 2732; x_wconf 79' lang='grc'><strong><em>12.</em></strong></span> 
     </span>
    </p>
   </div>
   <div class='ocr_carea' id='block_1_9' title="bbox 161 2707 1858 2937">
    <p class='ocr_par' dir='ltr' id='par_1_14' title="bbox 161 2707 1857 2923">
     <span class='ocr_line' id='line_1_33' title="bbox 161 2707 1857 2823; baseline -0.002 -28.983"><span class='ocrx_word' id='word_1_237' title='bbox 161 2750 239 2823; x_wconf 91' lang='grc' dir='ltr'><strong><em>Η]</em></strong></span> <span class='ocrx_word' id='word_1_238' title='bbox 271 2707 348 2793; x_wconf 86' lang='grc' dir='ltr'><strong><em>ηΜ</em></strong></span> <span class='ocrx_word' id='word_1_239' title='bbox 373 2766 409 2806; x_wconf 94' lang='grc' dir='ltr'><strong><em>φ</em></strong></span> <span class='ocrx_word' id='word_1_240' title='bbox 444 2750 556 2805; x_wconf 84' lang='grc'><strong>(11011</strong></span> <span class='ocrx_word' id='word_1_241' title='bbox 587 2747 657 2802; x_wconf 89' lang='lat' dir='ltr'><strong><em>F).</em></strong></span> <span class='ocrx_word' id='word_1_242' title='bbox 811 2753 878 2792; x_wconf 87' lang='lat'><strong><em>13.</em></strong></span> <span class='ocrx_word' id='word_1_243' title='bbox 928 2743 1078 2804; x_wconf 75' lang='grc' dir='ltr'><strong><em>αὐτήν</em></strong></span> <span class='ocrx_word' id='word_1_244' title='bbox 1110 2764 1159 2803; x_wconf 94' lang='grc' dir='ltr'><strong><em>φ.</em></strong></span> <span class='ocrx_word' id='word_1_245' title='bbox 1312 2744 1429 2805; x_wconf 81' lang='grc' dir='ltr'><strong><em>ἄρα]</em></strong></span> <span class='ocrx_word' id='word_1_246' title='bbox 1461 2760 1550 2792; x_wconf 91' lang='lat' dir='ltr'><strong><em>om.</em></strong></span> <span class='ocrx_word' id='word_1_247' title='bbox 1584 2746 1633 2790; x_wconf 88' lang='grc' dir='ltr'><strong><em>Β.</em></strong></span> <span class='ocrx_word' id='word_1_248' title='bbox 1790 2751 1857 2791; x_wconf 82' lang='lat'><strong><em>14.</em></strong></span> 
     </span>
     <span class='ocr_line' id='line_1_34' title="bbox 161 2800 1856 2878; baseline -0.002 -24.982"><span class='ocrx_word' id='word_1_249' title='bbox 161 2805 295 2866; x_wconf 79' lang='grc' dir='ltr'><strong><em>Ἐάν]</em></strong></span> <span class='ocrx_word' id='word_1_250' title='bbox 328 2825 389 2852; x_wconf 83' lang='grc' dir='ltr'><strong><em>αν</em></strong></span> <span class='ocrx_word' id='word_1_251' title='bbox 421 2808 474 2852; x_wconf 93' lang='lat' dir='ltr'><strong><em>V.</em></strong></span> <span class='ocrx_word' id='word_1_252' title='bbox 660 2811 727 2851; x_wconf 88' lang='lat'><strong><em>15.</em></strong></span> <span class='ocrx_word' id='word_1_253' title='bbox 760 2802 789 2863; x_wconf 84' lang='grc' dir='ltr'>ἡ</span> <span class='ocrx_word' id='word_1_254' title='bbox 811 2802 923 2878; x_wconf 85' lang='grc' dir='ltr'><strong><em>ἐπί]</em></strong></span> <span class='ocrx_word' id='word_1_255' title='bbox 955 2806 1006 2851; x_wconf 89' lang='lat' dir='ltr'><strong><em>in</em></strong></span> <span class='ocrx_word' id='word_1_256' title='bbox 1035 2819 1125 2852; x_wconf 83' lang='lat' dir='ltr'><strong>ras.</strong></span> <span class='ocrx_word' id='word_1_257' title='bbox 1157 2821 1218 2850; x_wconf 88' lang='grc'><strong>111.</strong></span> <span class='ocrx_word' id='word_1_258' title='bbox 1244 2811 1270 2851; x_wconf 94' lang='grc'><strong>2</strong></span> <span class='ocrx_word' id='word_1_259' title='bbox 1302 2805 1357 2851; x_wconf 93' lang='lat' dir='ltr'><strong><em>V.</em></strong></span> <span class='ocrx_word' id='word_1_260' title='bbox 1540 2800 1714 2851; x_wconf 76' lang='grc' dir='ltr'><strong><em>εὐθεῖα</em></strong></span> <span class='ocrx_word' id='word_1_261' title='bbox 1746 2803 1856 2863; x_wconf 79' lang='grc' dir='ltr'><strong><em>διά]</em></strong></span> 
     </span>
     <span class='ocr_line' id='line_1_35' title="bbox 165 2861 1858 2937; baseline -0.001 -26"><span class='ocrx_word' id='word_1_262' title='bbox 165 2867 359 2911; x_wconf 90' lang='lat' dir='ltr'><strong>PBFV.</strong></span> <span class='ocrx_word' id='word_1_263' title='bbox 547 2871 616 2911; x_wconf 82' lang='lat'><strong><em>14.</em></strong></span> <span class='ocrx_word' id='word_1_264' title='bbox 666 2862 753 2910; x_wconf 80' lang='grc' dir='ltr'><strong><em>ἐὰν</em></strong></span> <span class='ocrx_word' id='word_1_265' title='bbox 802 2862 894 2920; x_wconf 80' lang='grc' dir='ltr'><strong><em>ἄρα</em></strong></span> <span class='ocrx_word' id='word_1_266' title='bbox 933 2892 988 2898; x_wconf 89' lang='grc'>-</span> <span class='ocrx_word' id='word_1_267' title='bbox 1033 2871 1102 2911; x_wconf 88' lang='grc'><strong><em>16.</em></strong></span> <span class='ocrx_word' id='word_1_268' title='bbox 1143 2861 1405 2937; x_wconf 87' lang='grc' dir='ltr'><strong><em>ἐλεύσεται]</em></strong></span> <span class='ocrx_word' id='word_1_269' title='bbox 1439 2879 1527 2910; x_wconf 88' lang='grc'><strong>0111.</strong></span> <span class='ocrx_word' id='word_1_270' title='bbox 1562 2880 1605 2922; x_wconf 91' lang='lat' dir='ltr'><strong><em>p.</em></strong></span> <span class='ocrx_word' id='word_1_271' title='bbox 1791 2870 1858 2909; x_wconf 88' lang='lat'><strong><em>16.</em></strong></span> 
     </span>
    </p>
   </div>
   <div class='ocr_carea' id='block_1_10' title="bbox 163 2921 1800 2983">
    <p class='ocr_par' dir='ltr' id='par_1_15' title="bbox 163 2921 1800 2983">
     <span class='ocr_line' id='line_1_36' title="bbox 163 2921 1800 2983; baseline -0.001 -13"><span class='ocrx_word' id='word_1_272' title='bbox 163 2942 282 2983; x_wconf 85' lang='grc' dir='ltr'><strong><em>οπερ</em></strong></span> <span class='ocrx_word' id='word_1_273' title='bbox 331 2924 430 2971; x_wconf 80' lang='grc' dir='ltr'><strong><em>ἔδει</em></strong></span> <span class='ocrx_word' id='word_1_274' title='bbox 476 2925 654 2983; x_wconf 81' lang='grc' dir='ltr'><strong><em>δεῖξαι]</em></strong></span> <span class='ocrx_word' id='word_1_275' title='bbox 704 2943 782 2969; x_wconf 55' lang='lat' dir='ltr'><strong><em>:⁶v</em></strong></span> <span class='ocrx_word' id='word_1_276' title='bbox 831 2925 926 2968; x_wconf 91' lang='lat' dir='ltr'><strong><em>BF.</em></strong></span> <span class='ocrx_word' id='word_1_277' title='bbox 1068 2931 1137 2969; x_wconf 82' lang='lat'><strong><em>17.</em></strong></span> <span class='ocrx_word' id='word_1_278' title='bbox 1186 2921 1282 2983; x_wconf 85' lang='grc' dir='ltr'><strong><em>ιγ’]</em></strong></span> <span class='ocrx_word' id='word_1_279' title='bbox 1317 2921 1383 2969; x_wconf 82' lang='grc' dir='ltr'><strong><em>ιε’</em></strong></span> <span class='ocrx_word' id='word_1_280' title='bbox 1419 2925 1476 2977; x_wconf 92' lang='lat' dir='ltr'><strong><em>F,</em></strong></span> <span class='ocrx_word' id='word_1_281' title='bbox 1525 2938 1639 2969; x_wconf 85' lang='lat' dir='ltr'><strong>corr.</strong></span> <span class='ocrx_word' id='word_1_282' title='bbox 1671 2938 1731 2967; x_wconf 89' lang='lat' dir='ltr'><strong><em>m.</em></strong></span> <span class='ocrx_word' id='word_1_283' title='bbox 1757 2929 1800 2969; x_wconf 81' lang='lat'><strong><em>2.</em></strong></span> 
     </span>
    </p>
   </div>
  </div>
 </body>
</html>
