1956 3074
134 577 161 617 5

103 1108 158 1147 10

99 1550 153 1590 15

95 1994 152 2034 20

197 91 306 143 222
836 92 1174 136 ΣΤοΙΧΕΙΩΝ
1203 89 1268 149 γ’.

194 208 299 279 τὴν
339 207 517 281 αὐτὴν
563 210 924 282 περιφέρειαν
971 209 1140 280 βάσιν
1186 209 1289 282 τὴν
1329 215 1515 281 ΒΓΔ,
1556 209 1590 282 ἡ
1631 209 1741 283 ἄρα
1779 209 1888 268 ὑπὸ
1946 216 1950 221 ’

195 302 366 351 ΒΖΔ
410 302 588 367 γωνία
636 301 946 354 διπλασίων
986 299 1099 354 ἐστὶ
1137 302 1235 370 τῆς
1273 296 1382 354 ὑπὸ
1424 304 1613 354 ΒΑΔ.
1691 298 1786 355 διὰ
1821 299 1890 356 τὰ

195 477 363 529 σίων·
408 480 499 545 ἴση
541 473 651 544 α’ρα
690 472 724 545 ἡ
765 472 876 530 ὑπὸ
918 481 1094 530 ΒΑΔ
1131 479 1197 548 τῇ
1237 473 1348 532 ὑπὸ
1390 482 1576 531 ΒΕΔ.

301 560 395 618 Ἐν
448 563 634 638 κύκλῳ
690 565 798 635 ἄρα
853 565 916 617 αἱ
971 565 1031 619 ἐν
1077 567 1154 639 τῷ
1203 562 1352 639 αὐτῷ
1400 564 1638 636 τμήματι
1689 569 1890 636 γωνίαι

195 657 312 706 ἴσαι
351 648 621 723 ἀλλήλαις
659 655 834 708 εἰσίν·
876 650 1011 723 ὅπερ
1052 656 1165 708 ἔδει
1206 654 1396 719 δεῖξαι.

982 813 1099 884 κβ’.

310 919 453 972 Τῶν
501 918 569 971 ἐν
615 928 755 982 τοῖς
799 916 1070 982 κύκλοις
1115 917 1618 989 τετραπλεύρων
1669 921 1738 973 αἰ
1774 917 1887 974 ἀπ-

191 1009 508 1060 εναντίον
546 1010 785 1075 γωνίαι
826 1006 1021 1061 δυσὶν
1063 1002 1301 1077 ὀρθαῖς
1341 1012 1481 1061 ἴσαι
1520 1009 1707 1063 εἰσίν.

287 1093 470 1150 ’Ἑστω
509 1094 713 1161 κύκλος
746 1093 775 1151 ὁ
802 1099 1042 1165 ΑΒΓΔ,
1081 1094 1173 1149 καὶ
1206 1096 1267 1149 ἐν
1300 1093 1449 1171 αὐτῷ
1478 1095 1888 1169 τετράπλευρον

190 1186 329 1238 ἔστω
383 1181 446 1238 τὸ
487 1187 738 1238 ΑΒΓΔ·
798 1184 971 1254 λέγω,
1025 1180 1111 1238 ὅτι
1167 1184 1229 1238 αἱ
1279 1179 1622 1239 ἀπεναντίον
1687 1188 1888 1255 γωνίαι

189 1271 356 1326 δυσὶν
397 1269 601 1341 ὀρθαῖς
639 1278 755 1326 ἴσαι
788 1275 949 1327 εἰσίν.

295 1357 751 1432 Ἐπεζεύχθωσαν
792 1362 854 1414 αἰ
889 1363 1013 1429 ΑΓ,
1054 1365 1182 1414 ΒΔ.

294 1445 443 1503 Ἐπεὶ
484 1441 590 1503 οὖν
629 1446 838 1514 παντὸς
875 1447 1158 1519 τριγώνου
1198 1450 1259 1502 αἱ
1292 1458 1440 1519 τρεῖς
1477 1452 1677 1518 γωνίαι
1718 1449 1886 1505 δυσὶν

187 1534 389 1609 ὀρθαῖς
437 1543 553 1592 ἴσαι
601 1540 772 1607 εἰσίν,
827 1540 930 1592 τοῦ
968 1542 1141 1592 ΑΒΓ
1171 1535 1281 1608 ἄρα
1319 1536 1602 1608 τριγώνου
1642 1540 1704 1591 αἱ
1738 1549 1886 1611 τρεῖς

184 1629 388 1696 γωνίαι
429 1627 491 1679 αἱ
524 1622 635 1680 ὑπὸ
675 1629 851 1695 ΓΑΒ,
892 1630 1075 1695 ΑΒΓ,
1114 1629 1274 1680 ΒΓΑ
1314 1625 1480 1680 δυσὶν
1521 1622 1723 1696 ὀρθαῖς
1766 1633 1886 1683 ἴσαι

185 1717 345 1771 εἰσίν.
386 1720 478 1784 ἴση
520 1713 582 1768 δὲ
622 1711 656 1784 ἡ
697 1711 799 1784 μὲν
839 1710 948 1769 ὑπὸ
991 1718 1147 1769 ΓΑΒ
1186 1717 1251 1787 τῇ
1291 1710 1401 1769 ὑπὸ
1435 1718 1633 1769 ΒΔΓ·
1675 1716 1736 1771 ἐν
1774 1714 1883 1788 γὰρ

184 1806 261 1879 τῷ
310 1802 461 1878 αὐτῷ
513 1801 758 1873 τμήματί
800 1805 907 1858 εἰσι
951 1806 1027 1877 τῷ
1068 1808 1329 1858 ΒΑΔΓ·
1393 1800 1427 1874 ἡ
1468 1802 1531 1858 δὲ
1569 1801 1679 1859 ὑπὸ
1719 1809 1883 1860 ΑΓΒ

182 1894 250 1964 τῇ
273 1888 384 1947 ὑπὸ
412 1897 610 1946 ΑΔΒ·
637 1893 698 1947 ἐν
722 1890 830 1963 γὰρ
855 1894 931 1967 τῷ
957 1889 1107 1966 αὐτῷ
1132 1890 1376 1963 τμήματί
1396 1895 1504 1947 εἰσι
1526 1895 1603 1967 τῷ
1630 1897 1882 1947 ΑΔΓΒ·

185 1978 287 2051 ὅλη
329 1977 439 2053 ἄρα
478 1977 512 2051 ἡ
546 1977 654 2034 ὑπὸ
681 1987 734 2034 Α
745 1984 863 2036 ΔΓ
878 1991 998 2045 ταῖς
1029 1977 1138 2035 ὑπὸ
1165 1985 1348 2050 ΒΑΓ,
1390 1985 1552 2035 ΑΓΒ
1590 1987 1682 2052 ἴση
1717 1982 1882 2037 ἐστίν.

182 2067 346 2140 κοινὴ
394 2073 749 2141 προσκείσθω
797 2066 831 2139 ἡ
879 2066 989 2124 ὑπὸ
1031 2073 1222 2124 ΑΒΓ·
1286 2070 1348 2123 αἰ
1392 2067 1502 2142 ἄρα
1548 2065 1658 2124 ὑπὸ
1698 2074 1881 2139 ΑΒΓ,

182 2162 366 2227 ΒΑΓ,
410 2161 574 2213 ΑΓΒ
612 2168 732 2223 ταῖς
771 2156 879 2213 ὑπὸ
921 2162 1106 2227 ΑΒΓ,
1149 2162 1330 2212 ΑΔΓ
1361 2164 1478 2213 ἴσαι
1517 2161 1676 2213 εἰσίν.
1753 2155 1877 2213 ἄλλ’

184 2247 246 2301 αἱ
280 2243 390 2301 ὑπὸ
435 2251 624 2316 ΑΒΓ,
672 2251 863 2317 ΒΑΓ,
915 2251 1078 2302 ΑΓΒ
1119 2246 1285 2302 δυσὶν
1325 2244 1528 2319 ὀρθαῖς
1567 2253 1682 2301 ἴσαι
1722 2249 1882 2302 εἰσίν.
1952 2250 1956 2251 ’

182 2334 276 2389 καὶ
315 2357 372 2389 αι
412 2332 521 2390 ὑπὸ
550 2340 733 2406 ΑΒΓ,
774 2339 955 2390 ΑΔΓ
973 2333 1083 2407 ἄρα
1124 2334 1290 2391 δυσὶν
1331 2333 1533 2407 ὀρθαῖς
1572 2341 1688 2390 ἴσαι
1721 2338 1879 2393 εἰσίν.
1953 2392 1956 2393 ⁷

300 2496 442 2541 XXII.
475 2496 667 2542 Boetius
698 2512 744 2555 p.
770 2502 872 2554 388,
889 2502 947 2542 3?

302 2651 343 2690 3.
376 2643 428 2704 ὴ]
462 2659 552 2690 om.
583 2661 630 2716 p.
782 2646 936 2701 ΒΖΔ]
970 2659 1085 2690 corr.
1118 2658 1175 2690 ex
1208 2648 1343 2689 ΓΖΔ
1374 2660 1435 2690 m.
1464 2651 1486 2689 1
1515 2645 1569 2690 V.
1720 2649 1760 2690 5.
1795 2642 1876 2704 αἰ]

182 2706 242 2748 αἴ
266 2703 385 2750 εἰσιν
416 2706 468 2751 Β.
562 2699 713 2763 αὐτῷ]
747 2718 836 2749 om.
870 2703 930 2758 B;
962 2718 1102 2760 supra
1133 2719 1217 2749 scr.
1250 2719 1310 2748 m.
1343 2718 1434 2749 rec.
1537 2710 1576 2750 6.
1611 2703 1750 2763 εἰσίν]
1785 2719 1874 2749 om.

181 2763 231 2808 B.
328 2769 367 2809 7.
401 2761 487 2809 κδ’
522 2763 572 2820 F,
605 2777 719 2809 eras.
814 2769 854 2809 8.
887 2778 1118 2807 απεναντι
1102 2764 1188 2807 ίων
1218 2763 1271 2819 P,
1305 2763 1387 2808 sed
1419 2778 1534 2809 corr.
1652 2768 1721 2809 11.
1749 2765 1872 2808 Ante

182 2825 351 2878 γωνίαι
382 2823 488 2868 add.
522 2819 672 2867 αυτοῦ
694 2823 793 2925 BV
879 2823 916 2866 P
947 2837 1006 2866 m.
1040 2837 1130 2867 rec.
1314 2828 1384 2868 13.
1416 2825 1517 2877 ΑΓ,
1551 2823 1658 2880 ΒΔ]
1691 2822 1784 2868 litt.
1820 2825 1873 2877 Γ,

182 2885 328 2943 1321ss
363 2896 476 2927 corr.
509 2882 560 2927 F.
722 2837 901 2927 ᾼΞπεὶ
934 2875 1040 2940 ουν]
1074 2881 1154 2926 καὶ
1188 2877 1299 2926 ἐπεί
1323 2898 1367 2938 p.
1493 2857 1560 2926 15.
1597 2880 1692 2926 εἰσί
1717 2882 1814 2939 Vp.
