1956 3074
44 1149 98 1190 10

48 1595 101 1634 15

136 122 243 174 174
304 193 309 197 μ
766 122 1102 167 ΣΤΟῙΧΕῙΩΝ
1131 119 1206 180 γ’..

212 239 370 297 ’Ἐὰν
424 239 534 315 ἄρα
584 241 645 297 ἐν
698 240 883 316 κύκλῳ
931 239 1128 298 εὐθεῖἀ
1177 264 1260 308 τις
1307 240 1400 298 διὰ
1446 246 1548 298 τοῦ
1593 244 1831 316 κέντρου

132 329 370 387 εὐθεῖάν
421 352 548 387 τινα
602 329 677 402 μὴ
732 329 826 386 διὰ
872 334 975 387 τοῦ
1029 332 1265 403 κέντρου
1312 334 1440 403 δίχα
1485 332 1684 405 τέμνῃ,
1739 333 1834 388 καὶ

131 417 270 493 πρὸς
309 417 488 493 ὀρθὰς
527 416 706 491 αὐτὴν
745 420 958 492 τέμνει·
996 420 1090 476 καὶ
1130 419 1230 475 ἐὰν
1269 418 1407 493 πρὸς
1439 419 1622 493 ὀρθὰς
1653 419 1833 493 αὐτὴν

133 509 323 582 τέμνῃ,
362 509 455 564 καὶ
497 511 624 580 δίχα
663 507 841 579 αὐτὴν
880 509 1088 580 τέμνει·
1130 506 1266 581 ὅπερ
1307 512 1420 565 ἔδει
1460 512 1651 577 δεῖξαι.

949 670 1022 727 δ’.

240 771 386 830 Ἐἀν
437 776 506 831 ἐν
544 773 759 851 κύκλῳ
800 774 920 831 δύο
962 773 1227 831 εὐθεῖαι
1266 777 1594 847 τέμνωσιν
1634 777 1834 849 ἀλλή-

131 869 245 929 λας
297 861 380 935 μὴ
432 862 540 919 διὰ
587 867 704 920 τοῦ
755 865 1038 937 κέντρου
1077 857 1299 935 οὖσαι,
1355 862 1432 921 οὗ
1470 866 1834 937 τέμνουσιν

132 948 421 1023 ἀλλήλας
459 955 632 1025 δίχα.

228 1039 410 1098 ’Έστω
448 1040 651 1108 κύκλος
691 1039 720 1098 ὃ
754 1047 996 1113 ΑΒΓΔ,
1034 1042 1128 1098 καὶ
1168 1044 1229 1099 ἐν
1269 1041 1419 1120 αὐτῷ
1461 1043 1566 1100 δύο
1607 1041 1831 1100 εὐθεῖαι

130 1133 192 1186 αί
227 1135 362 1203 ΑΓ,
413 1136 524 1187 ΒΔ
569 1130 921 1201 τεμνέτωσαν
966 1128 1211 1203 ἀλλήλας
1247 1131 1385 1187 κατὰ
1424 1130 1488 1188 τὸ
1527 1138 1581 1187 Ε
1615 1132 1689 1205 μὴ
1732 1134 1826 1190 διὰ

129 1223 232 1276 τοῦ
270 1221 505 1293 κέντρου
544 1212 739 1276 οὖσαι·
791 1219 953 1290 λέγω,
999 1218 1085 1276 ὅτι
1133 1218 1203 1276 οὐ
1253 1221 1552 1293 τέμνουσιν
1592 1222 1833 1294 ἀλλήλας

131 1313 272 1381 δίχα.

245 1401 318 1454 Εἰ
361 1396 469 1470 γὰρ
510 1396 783 1468 δυνατόν,
829 1397 1180 1469 τεμνέτωσαν
1227 1397 1474 1471 ἀλλήλας
1510 1399 1648 1473 ἷὸίχα
1688 1398 1830 1456 ὥστε

131 1497 259 1561 ἴσην
300 1485 444 1544 εἶναι
482 1485 586 1559 τὴν
626 1486 728 1558 μὲν
768 1492 883 1542 ΑΕ
917 1489 982 1559 τῇ
1025 1491 1152 1557 ΕΓ,
1198 1487 1302 1559 τὴν
1343 1487 1404 1544 δὲ
1444 1494 1554 1545 ΒΕ
1587 1491 1654 1562 τῇ
1694 1494 1831 1544 ΕΔ·

132 1578 225 1636 καὶ
265 1576 521 1649 εἰλήφθω
553 1574 616 1631 τὸ
648 1575 882 1648 κέντρον
914 1578 1016 1631 τοῦ
1041 1580 1264 1631 ΑΒΓΔ
1293 1576 1521 1648 κύκλου,
1560 1577 1653 1633 καὶ
1690 1581 1830 1633 ἔστω

128 1666 193 1723 τὸ
237 1672 299 1737 Ζ,
337 1664 432 1722 καὶ
471 1663 783 1737 ἐπεζεύχθω
823 1662 856 1735 ἡ
900 1670 1021 1721 ΖΕ.

230 1753 378 1812 Ἐπεὶ
426 1747 532 1811 οὖν
580 1752 777 1811 εὐθεῖά
823 1775 904 1820 τις
951 1752 1046 1809 διὰ
1094 1757 1195 1811 τοῦ
1243 1755 1480 1826 κέντρου
1518 1752 1552 1827 ἡ
1596 1761 1704 1810 ΖΕ
1739 1752 1831 1810 εύ-

98 1843 298 1902 ’θεῖἀν
336 1866 462 1901 τινα
501 1842 575 1916 μὴ
616 1843 710 1899 διὰ
749 1847 851 1899 τοῦ
891 1844 1125 1916 κέντρου
1166 1843 1269 1916 τὴν
1310 1849 1424 1901 ΑΓ
1456 1847 1584 1916 δίχα
1622 1845 1829 1916 τέμνει,

40 2039 97 2079 20

41 2484 97 2525 25

129 1934 222 1990 καὶ
262 1932 402 2007 πρὸς
441 1930 624 2005 ὀρθὰς
663 1930 842 2004 αὐτὴν
880 1933 1094 2004 τέμνει·
1135 1930 1283 2005 ὀρθὴ
1316 1930 1428 2005 ἄρα
1465 1933 1616 1989 ἐστὶν
1648 1930 1683 2005 ἡ
1716 1930 1828 1989 ὑπὸ

132 2029 326 2078 ΖΕΑ·
366 2021 554 2089 πάλιν,
595 2020 709 2077 ἐπεὶ
749 2019 946 2077 εὐθεῖά
986 2042 1069 2087 τις
1106 2017 1140 2092 ἡ
1177 2025 1284 2076 ΖΕ
1303 2016 1536 2077 εὐθεῖάν
1569 2042 1695 2076 τινα
1724 2020 1831 2093 τὴν

128 2118 242 2168 ΒΔ
281 2114 410 2183 δίχα
447 2110 650 2183 τέμνει,
689 2110 781 2166 καὶ
820 2109 961 2182 πρὸς
1000 2108 1181 2183 ὀρθάς
1213 2107 1391 2182 αὐτὴν
1423 2110 1635 2181 τέμνει·
1678 2107 1826 2183 ὀρθὴ

128 2199 239 2274 ἄρα
278 2197 312 2272 ἡ
351 2197 462 2256 ὑπὸ
506 2205 680 2256 ΖΕΒ.
727 2201 954 2272 ἐδείχθη
997 2199 1059 2255 δὲ
1095 2199 1187 2255 καὶ
1227 2196 1262 2272 ἡ
1301 2196 1412 2255 ὑπὸ
1451 2204 1615 2255 ΖΕΑ
1655 2197 1830 2271 ὀρθή·

130 2297 221 2362 ἴση
263 2287 373 2362 ἀρα
411 2286 445 2361 ἡ
486 2285 596 2345 ὑπὸ
632 2294 798 2345 ΖΕΑ
827 2292 893 2363 τῇ
930 2286 1039 2345 ὑπὸ
1073 2293 1234 2344 ΖΕΒ
1266 2284 1300 2359 ἡ
1335 2285 1578 2344 έλάττων
1610 2290 1676 2360 τῇ
1711 2293 1828 2359 μεί-

131 2385 277 2447 ζονι·
327 2376 462 2451 ὅπερ
505 2378 655 2434 ἐστὶν
695 2377 996 2435 ἀδύνατον.
1037 2376 1139 2434 οὐκ
1171 2375 1281 2448 ἄρα
1314 2379 1376 2432 αἰ
1397 2381 1522 2448 ΑΓ,
1562 2382 1675 2432 ΒΔ
1704 2377 1827 2448 τέμ-

129 2484 331 2524 νουσιν
371 2464 614 2539 ἀλλήλας
654 2470 794 2539 δίχα.

253 2637 289 2676 1.
326 2627 378 2676 ἐν
411 2628 583 2690 κύκλῳ]
618 2644 708 2675 om.
740 2644 793 2687 Ρ,
826 2627 982 2690 κύκλῳ
1015 2643 1150 2702 comp
1200 2628 1256 2685 V,
1291 2624 1344 2673 ἒν
1376 2628 1482 2674 add.
1514 2643 1574 2674 m.
1602 2633 1642 2673 2.
1781 2633 1824 2673 2.

130 2686 335 2736 εὐθεῖάν
367 2707 553 2735 τινα-
580 2696 621 2734 4.
654 2687 835 2748 τέμνει]
868 2677 963 2734 καὶ
979 2687 1035 2733 τὰ
1071 2645 1180 2746 ἑξῆς
1210 2687 1364 2733 PBV.
1496 2704 1553 2746 μτ
1591 2684 1752 2732 dui-
1780 2693 1820 2732 4.

131 2748 344 2854 τέμνειί3
345 2750 427 2795 καὶ
459 2746 516 2794 τὰ
550 2745 662 2806 ἑξῆς
690 2749 739 2794 F.
900 2749 1067 2807 τέμνῃ]
1101 2764 1228 2816 -μνῃ
1243 2748 1292 2792 in
1324 2762 1410 2793 rae.
1436 2762 1481 2805 Ρ.
1568 2751 1639 2793 10.
1672 2749 1713 2791 Ε
1746 2762 1822 2803 ση-

130 2815 264 2866 μεῖον
494 2813 560 2854 13.
595 2807 642 2854 εἰ
668 2806 758 2865 γάρ
784 2835 839 2841 -
826 2754 937 2853 414.
970 2808 1026 2865 τῇ
1060 2808 1182 2867 ΕΓ]
1213 2807 1264 2851 in
1295 2821 1383 2852 ras.
1417 2807 1468 2852 F.
1593 2811 1661 2850 14.
1696 2803 1822 2851 εἶναι

131 2870 235 2925 ἴσην
266 2885 310 2927 p.
436 2871 506 2913 18.
538 2865 601 2926 μὴ
635 2866 716 2913 διὰ
748 2867 835 2914 τοῦ
867 2865 1085 2926 κέντρου]
1118 2867 1195 2925 Pp
1164 2883 1215 2925 p;
1250 2881 1339 2913 om.
1372 2865 1520 2910 BFV.
1645 2870 1715 2910 19.
1747 2863 1824 2910 τέ

128 2929 258 2987 μνει]
292 2927 542 2985 Pchp31·
517 2943 648 2986 τιεμε
632 2927 727 2973 V.
839 2923 941 2972 ἔστί
967 2927 1016 2971 Ρ.
1140 2931 1209 2971 20.
1244 2923 1380 2983 ἐπεί]
1408 2925 1507 2983 ΡΡ;
1539 2940 1599 2970 m.
1622 2930 1648 2969 2
1681 2937 1821 2982 supra
