1956 3074
93 1161 148 1201 10

94 1605 149 1644 15

94 2048 149 2087 20

187 111 260 163 50
818 87 1154 167 ΣΤΟΙΧΕῙῼΝ
1185 113 1252 160 α’.

296 230 524 296 Παντὸς
570 231 678 304 ἄρα
716 232 996 303 τριγώνου
1036 237 1099 288 αἱ
1133 234 1238 289 δύο
1277 235 1510 306 πλευραὶ
1547 239 1645 306 τῆς
1682 241 1882 308 λοιπῆς

186 320 432 389 μείζονές
495 324 603 375 εἰσι
663 321 843 394 πάντῃ
911 323 1486 395 μεταλαμβανόμεναι·
1565 323 1698 395 ὅπερ
1764 329 1876 380 ἔδει

186 410 376 475 δεῖξαι.

972 513 1092 571 xa'.

291 613 437 670 Ἐὰν
484 613 825 685 τριγώνου
873 615 976 670 ἐπὶ
1025 619 1174 686 μιᾶς
1219 620 1347 671 τῶν
1394 622 1696 691 πλευρῶν
1751 618 1874 676 άπὸ

187 706 314 759 τῶν
363 702 665 775 περάτων
714 701 834 757 δύο
884 699 1154 758 εὐθεῖαι
1196 702 1383 769 ἐντὸς
1423 711 1875 777 συσταθῶσιν,

184 794 253 846 αι’
289 798 728 846 συσταθεῖσαι
774 795 902 847 τῶν
942 796 1191 848 λοιπῶν
1230 796 1345 848 τοῦ
1384 794 1715 866 τριγώνου
1755 795 1874 851 δύο

183 882 487 950 πλευρῶν
550 879 895 943 ἐλάττονες
959 879 1076 950 μὲν
1130 884 1423 950 ἔσονται,
1478 888 1749 953 μείζονα
1805 883 1876 940 δὲ

182 973 436 1040 γωνίαν
472 970 912 1040 περιέξουσιν,

300 1055 592 1130 Τριγώνου
642 1056 750 1128 γὰρ
801 1060 902 1112 τοῦ
941 1062 1114 1112 ΑΒΓ
1153 1058 1240 1113 ἐπὶ
1288 1063 1416 1129 μιᾶς
1462 1063 1575 1115 τῶν
1619 1066 1876 1134 πλευρῶν

179 1150 277 1219 τῆς
316 1150 427 1201 ΒΓ
458 1143 566 1202 άπὸ
607 1149 719 1201 τῶν
758 1145 1009 1218 περάτων
1048 1149 1160 1201 τῶν
1203 1153 1265 1212 Β,
1306 1153 1360 1202 Γ
1385 1149 1488 1203 δύο
1530 1127 1749 1204 εὐθεῖαι
1791 1151 1874 1205 ἐν·

178 1234 273 1300 τὸς
312 1233 740 1290 συνεστάτωσαν
779 1236 841 1288 αἱ
869 1239 999 1304 ΒΔ,
1021 1239 1148 1289 ΛΓ·
1183 1236 1343 1305 λέγω,
1386 1234 1470 1291 ὅτι
1501 1239 1565 1291 αἱ
1592 1243 1724 1306 ΒΛ,
1767 1242 1883 1293 ΔΓ

178 1328 291 1380 τῶν
330 1326 543 1379 λοιπῶν
581 1326 683 1378 τοῦ
713 1321 992 1395 τριγώνου
1025 1322 1128 1378 δύο
1160 1328 1420 1397 πλευρῶν
1452 1330 1565 1380 τῶν
1596 1332 1724 1396 BA,
1770 1335 1820 1381 A
1831 1331 1884 1381 Γ

180 1414 475 1478 ἐλάσσονες
499 1413 601 1483 μέν
626 1415 786 1481 εἰσιν,
819 1416 1043 1482 μείζονα
1080 1410 1140 1466 δὲ
1172 1416 1386 1482 γωνίαν
1418 1415 1737 1485 περιέχουσι
1768 1413 1874 1485 τὴν

178 1500 288 1558 ὑπὸ
329 1506 505 1556 ΒΔΓ
537 1504 634 1572 τῆς
671 1498 779 1555 ὑπὸ
821 1505 1004 1555 ΒΑΓ.

296 1589 535 1661 Διήχθω
584 1587 691 1659 γὰρ
739 1586 772 1659 ἡ
822 1594 935 1642 ΒΔ
979 1588 1065 1643 ἐπὶ
1106 1586 1168 1644 τὸ
1212 1594 1273 1643 Ε.
1362 1589 1453 1643 καὶ
1506 1591 1621 1646 ἐπεὶ
1670 1590 1875 1658 παντὸς

177 1678 457 1750 τριγώνου
511 1679 573 1733 αἱ
628 1676 732 1732 δύο
773 1677 1006 1749 πλευραὶ
1052 1680 1148 1748 τῆς
1195 1680 1391 1748 λοιπῆς
1429 1680 1673 1749 μείζονές
1712 1683 1872 1749 εἰσιν,

177 1770 280 1823 τοῦ
310 1773 484 1823 ΑΒΕ
511 1765 620 1838 ἄρα
652 1767 932 1837 τριγώνου
965 1768 1027 1820 αἱ
1049 1765 1154 1821 δύο
1193 1767 1427 1838 πλευραὶ
1475 1769 1538 1821 αἰ
1581 1773 1716 1837 ΑΒ,
1764 1774 1877 1823 ΑΕ

176 1859 272 1928 τῆς
320 1861 430 1911 ΒΕ
482 1856 726 1926 μείζονές
788 1857 951 1909 εἰσιν·
1008 1853 1168 1925 κοινὴ
1225 1859 1580 1927 προσκείσθω
1646 1853 1679 1926 ἡ
1746 1860 1872 1911 ΕΓ·

178 1947 239 1999 αἱ
275 1943 383 2015 ἄρα
434 1950 569 2014 ΒΑ,
619 1947 734 1998 ΑΓ
773 1946 887 1998 τῶν
928 1949 1061 2012 ΒΕ,
1111 1947 1220 1998 ΕΓ
1253 1944 1496 2013 μείζονές
1544 1947 1699 2000 εἰσιν.
1772 1944 1872 1998 πά-

181 2039 292 2103 λιν,
335 2032 451 2088 ἐπεὶ
491 2035 590 2088 τοῦ
613 2037 782 2087 ΓΕΔ
812 2030 1091 2103 τριγώνου
1131 2033 1194 2085 αἰ
1231 2030 1334 2087 δύο
1375 2033 1606 2103 πλευραὶ
1649 2035 1709 2087 αἱ
1746 2038 1870 2103 ΓΕ,

180 2128 294 2176 ΕΔ
331 2124 428 2192 τῆς
459 2125 563 2176 ΓΔ
594 2121 837 2192 μείζονές
877 2124 1038 2190 εἰσιν,
1078 2118 1239 2191 κοινὴ
1280 2125 1634 2192 προσκείσθω
1674 2119 1869 2192 ἡΔΒ·

179 2212 240 2264 αἱ
282 2215 404 2279 ΓΕ,
454 2215 557 2264 ΕΒ
598 2208 708 2281 ἄρα
746 2211 859 2264 τῶν
898 2213 1019 2279 ΓΔ,
1062 2214 1172 2264 ΑΒ
1212 2210 1457 2279 μείζονές
1494 2212 1652 2264 εἰσιν.
1729 2207 1869 2265 ἀλλὰ

96 2341 100 2345 «
145 2350 152 2355 ,
177 2301 290 2354 τῶν
317 2303 452 2367 ΒΕ,
481 2301 591 2351 ΕΓ
614 2301 858 2368 μείζονες
890 2299 1226 2369 ἐδείχθησαν
1266 2299 1327 2351 αἱ
1348 2302 1475 2367 ΒΑ,
1516 2302 1643 2352 ΛΓ·
1683 2301 1869 2374 πολλῶ

178 2385 288 2457 ἄρα
328 2388 389 2441 αἱ
425 2391 552 2455 BA,
593 2390 703 2440 ΑΓ
738 2389 853 2441 τῶν
892 2392 1022 2454 ΒΛ,
1066 2390 1182 2440 ΛΓ
1213 2386 1457 2456 μείζονές
1497 2388 1654 2441 εἰσιν.

297 2562 415 2606 XXI.
452 2563 604 2608 Schol.
638 2563 686 2606 in
717 2563 931 2620 Pappum
962 2563 1027 2606 III
1057 2578 1100 2620 p.
1131 2567 1260 2618 1183,
1279 2568 1318 2607 4.
1384 2565 1575 2608 Boetius
1607 2578 1650 2620 p.
1677 2568 1779 2618 381,
1798 2569 1867 2608 26.

296 2730 336 2769 2.
371 2723 490 2770 εἰσιν
522 2725 570 2770 P.
723 2730 763 2769 4.
811 2726 1026 2782 πλευρῶν
1058 2721 1146 2769 δύο
1181 2721 1372 2770 εὐθεῖαι
1405 2726 1703 2769 συσταθῶσιν
1736 2721 1870 2775 ἐντὸς

177 2780 271 2828 άπὸ
305 2786 398 2828 τῶν
428 2781 645 2839 περάτων
676 2779 941 2841 ἀρξάμεναι
973 2782 1028 2828 αἱ
1053 2783 1259 2829 Proolus.
1421 2790 1460 2829 6.
1495 2781 1603 2842 δύο]
1637 2798 1725 2828 om.
1758 2785 1867 2828 Pro-

177 2843 289 2887 clus.
399 2849 438 2888 7.
474 2840 694 2894 ἐλάττους
725 2844 775 2899 F,
809 2844 1010 2888 Proclus.
1119 2848 1158 2890 8.
1192 2843 1461 2900 περιέξουσι
1491 2842 1698 2897 Proclus‚
1732 2843 1866 2900 pr.

180 2906 247 2945 11.
283 2905 379 2946 ΔΓ
405 2904 607 2958 πλευραί
634 2904 726 2946 τῶν
757 2902 807 2947 Ρ.
944 2907 1011 2947 13.
1047 2901 1137 2947 εἰσι
1166 2902 1302 2960 pr.
1441 2901 1738 2959 περιέχουσιν
1771 2902 1864 2946 PF.
