1956 3074
1040 561 1119 623 a'.

980 701 1173 776 Ὅροι.

408 851 420 863 .
480 805 733 877 Σημεῖόν
774 807 942 875 ἐστιν,
983 798 1052 862 οὗ
1091 806 1256 877 μέρος
1295 803 1488 861 οὐθέν.

410 942 420 952 .
480 893 714 967 Γραμμὴ
758 894 819 950 δὲ
858 899 1031 967 μῆκος
1070 893 1320 959 ἀπλατές.

406 1028 416 1038 .
478 987 745 1055 Γραμμῆς
786 983 847 1040 δὲ
885 984 1092 1056 πέρατα
1131 993 1345 1055 σημεῖα.

406 1115 418 1127 .
479 1070 699 1128 Εὐθεῖα
745 1071 967 1145 γραμμή
1015 1073 1184 1144 ἐστιν,
1239 1070 1359 1143 ἥτις
1405 1073 1459 1139 ἐξ
1507 1078 1636 1128 ἴσου
1674 1082 1791 1138 τοῖς
1829 1071 1917 1144 ἐφ’

120 1187 122 1189 ’
175 1175 201 1214 5
235 1160 432 1232 ἑαυτῆς
472 1166 719 1232 σημείοις
756 1172 945 1217 κεῖται.

345 1249 410 1307 ε’.
467 1247 796 1322 Ἐπιφάνεια
843 1250 909 1306 δέ
945 1251 1114 1320 ἐστιν,
1162 1246 1192 1306 ὃ
1241 1252 1414 1322 μῆκος
1451 1249 1543 1304 καὶ
1582 1249 1786 1316 πλάτος
1825 1249 1922 1322 μό-

231 1359 337 1395 νον
376 1341 500 1410 ἔχει.
1139 1339 1152 1343 “

345 1426 414 1486 ς’.
470 1426 830 1498 Ἐπιφανείας
868 1426 930 1482 δὲ
967 1427 1174 1500 πέρατα
1214 1430 1476 1499 γραμμαί.

347 1515 407 1583 ζ’.
464 1514 752 1581 Ἐπίπεδος
798 1515 1091 1587 ἐπιφάνειά
1142 1517 1311 1585 ἐστιν,
1357 1513 1478 1586 ἥτις
1525 1517 1580 1582 ἐξ
1629 1522 1756 1572 ἴσον
1802 1527 1922 1584 ταῖς

146 1617 201 1657 10
235 1602 324 1676 ἐφ’
367 1605 568 1676 ἑαυτῆς
606 1602 855 1669 εὐθείαις
892 1615 1079 1661 κεῖται.

343 1693 414 1765 η’.
475 1691 763 1757 Ἐπίπεδος
810 1692 872 1748 δὲ
917 1697 1095 1763 γωνία
1144 1693 1294 1748 ἐστὶν
1344 1690 1379 1764 ἡ
1429 1694 1489 1749 ἐν
1538 1693 1774 1768 ἐπιπέδῳ
1816 1693 1921 1750 δύο

230 1785 504 1854 γραμμῶν
543 1779 870 1853 ἁπτομένων
910 1779 1168 1853 ἀλλήλων
1207 1781 1299 1836 καὶ
1339 1779 1412 1853 μὴ
1447 1778 1529 1837 ἐπ’
1560 1779 1784 1848 εὐθείας
1814 1804 1921 1838 κει-

232 1871 417 1942 μένων
456 1868 595 1942 πρὸς
633 1868 877 1940 ἀλλήλας
913 1871 1027 1926 τῶν
1063 1878 1335 1941 γραμμῶν
1374 1874 1567 1935 κλίσις.

345 1958 425 2014 θ’.
473 1957 640 2013 Ὅταν
689 1957 751 2014 δὲ
791 1960 853 2013 αἱ
887 1958 1240 2030 περιέχουσαι
1279 1956 1380 2029 τὴν
1420 1962 1634 2029 γωνίαν
1674 1960 1920 2031 γραμμαὶ

143 2059 200 2100 15
234 2045 452 2104 εὐθεῖαι
492 2039 651 2117 ὦσιν,
692 2045 1088 2118 εὐθύγραμμος
1125 2052 1370 2102 καλεῖται
1410 2044 1444 2118 ἡ
1484 2051 1676 2117 γωνία.

347 2135 406 2191 ι’.
454 2133 621 2191 Ὅταν
663 2134 724 2191 δὲ
765 2133 960 2190 εὐθεῖα
1000 2136 1083 2190 ἐπ’
1113 2133 1345 2190 εὐθεῖαν
1385 2143 1654 2191 σταθεῖσα
1693 2135 1792 2202 τὰς
1830 2137 1920 2208 ἐφ-

344 894 402 1127 Οἰῖῧῡὶ
346 806 403 861 ⁸²,

353 2274 391 2314 1.
424 2268 549 2313 Hero
581 2269 670 2313 def.
690 2273 731 2312 2.
772 2267 1044 2312 Ammonius
1067 2268 1116 2313 in
1142 2270 1290 2326 cabeg.
1316 2284 1359 2325 p.
1379 2273 1450 2313 43.
1470 2273 1538 2314 66.
1571 2269 1752 2313 Psellus
1784 2284 1827 2326 p.
1847 2274 1918 2314 34.

233 2327 313 2373 cfr.
352 2326 638 2385 Philoponus
676 2327 726 2372 in
764 2328 899 2385 phys.
938 2327 1019 2373 fol.
1053 2332 1112 2373 6‘.
1182 2327 1441 2372 Martianus
1481 2327 1675 2385 Capella
1704 2327 1791 2383 VI,
1819 2333 1916 2375 708.

230 2387 421 2431 Boetius
452 2401 497 2443 p.
515 2392 616 2442 374,
637 2392 674 2431 1.
797 2392 837 2431 2.
873 2387 1038 2431 Sextus
1069 2387 1204 2445 Emp.
1236 2401 1280 2443 p.
1301 2391 1484 2444 466‚27.
1515 2391 1700 2444 470‚24.
1737 2391 1916 2443 704,28.

231 2447 355 2491 Hero
395 2446 484 2490 def.
518 2451 558 2492 3.
620 2445 906 2503 Philoponus
945 2446 994 2490 in
1032 2446 1165 2503 phys.
1206 2445 1285 2491 fol.
1313 2451 1370 2491 61.
1433 2446 1709 2491 Ammonius
1747 2445 1797 2490 in
1828 2448 1916 2492 cat.

231 2520 276 2562 p.
307 2511 376 2550 66.
422 2504 682 2550 Martianus
708 2504 898 2563 Capella
913 2504 991 2562 VI,
1011 2509 1109 2550 708.
1158 2504 1348 2550 Boetius
1380 2521 1425 2563 p.
1444 2510 1544 2560 374,
1565 2510 1606 2550 2.
1729 2510 1770 2550 3.
1803 2503 1918 2550 Boe·

230 2564 324 2608 tius
356 2580 400 2622 p.
427 2570 527 2621 374,
545 2570 584 2611 3.
728 2569 770 2610 4.
801 2563 926 2609 Hero
957 2564 1046 2609 def.
1075 2569 1115 2609 5.
1171 2563 1336 2608 Sextus
1367 2564 1500 2621 Emp.
1532 2578 1576 2621 p.
1597 2570 1697 2620 716,
1715 2569 1785 2609 28.
1822 2569 1921 2621 717,

234 2628 302 2669 10.
349 2623 638 2681 Philoponns
670 2624 718 2667 in
750 2624 871 2668 anal.
903 2623 947 2666 II
976 2624 1056 2668 fol.
1083 2629 1150 2680 4V‚
1182 2623 1261 2668 fol.
1290 2628 1359 2668 15.
1407 2622 1586 2668 Psellus
1616 2639 1660 2681 p.
1687 2628 1758 2668 34.
1806 2623 1920 2668 Boe·

232 2682 326 2726 tius
357 2699 402 2740 p.
429 2688 529 2740 374,
548 2689 589 2728 5.
713 2688 753 2727 5.
785 2682 910 2727 Hero
943 2683 1031 2727 def.
1059 2688 1099 2728 9.
1154 2682 1346 2727 Boetius
1377 2697 1422 2740 p.
1449 2686 1549 2738 374,
1569 2688 1608 2727 6.
1732 2688 1773 2727 6.
1805 2682 1918 2727 Boe-

231 2741 326 2785 tius
356 2756 399 2798 p.
435 2747 536 2799 374,
558 2748 596 2787 7.
752 2747 791 2787 7.
824 2742 948 2787 Hero
982 2742 1071 2787 def.
1100 2747 1167 2786 11.
1229 2741 1411 2787 Psellus
1443 2757 1488 2799 p.
1516 2747 1586 2786 35.
1648 2740 1840 2786 Boetius
1871 2755 1916 2797 p.

234 2805 335 2855 374,
356 2806 393 2846 7.
576 2807 616 2846 8.
648 2802 773 2846 Hero
806 2801 897 2846 def.
924 2806 992 2845 16.
1054 2801 1235 2845 Psellus
1266 2816 1310 2858 p.
1336 2805 1406 2845 35.
1471 2799 1550 2845 cfr.
1586 2799 1752 2845 Sexms
1782 2800 1917 2857 Emp.

232 2874 276 2916 p.
305 2863 404 2917 718,
425 2864 492 2903 12.
556 2860 745 2906 Boetius
776 2876 822 2918 p.
847 2864 1036 2917 374,10.
1091 2860 1348 2904 Martianus
1379 2859 1572 2917 Capella
1602 2859 1682 2916 VI,
1702 2863 1799 2905 710.
