1956 3074
106 1109 160 1149 10

104 1997 160 2036 20

204 177 310 230 126
436 236 438 238 Ι
836 178 1173 222 ΣΤοῙΧΕΙῼΝ
1203 175 1266 236 β’.

195 301 458 366 ΑΔΕΒ,
511 295 605 351 καὶ
652 295 962 368 ἐπεζεύχθω
1011 293 1047 367 ἡ
1088 303 1229 367 ΒΔ,
1282 296 1375 351 καὶ
1424 295 1519 351 διὰ
1567 295 1670 366 μὲν
1708 299 1809 352 τοῦ
1848 302 1901 351 Γ
1951 286 1956 375 j

199 381 436 457 ὁποτέρᾳ
475 392 590 440 τῶν
628 391 770 455 ΑΔ,
810 390 915 439 ΕΒ
954 384 1310 456 παράλληλος
1347 383 1508 456 ἤχθω
1551 381 1584 455 ἡ
1625 388 1751 454 ΓΖ,
1800 383 1894 440 διὰ

197 472 260 528 δὲ
298 475 401 528 τοῦ
439 477 507 527 Η
536 471 775 547 ὁποτέρᾳ
813 476 926 529 τῶν
959 480 1087 544 ΛΒ,
1113 479 1228 528 ΔΕ
1263 473 1619 545 παράλληλος
1656 471 1818 544 ἤχθω
1858 471 1892 545 ἡ

193 566 319 616 ΘΚ.
403 561 497 616 καὶ
544 562 661 618 ἐπεὶ
708 552 1063 634 παράλληλος
1103 564 1254 617 ἐστιν
1294 561 1328 633 ἡ
1370 567 1471 617 ΓΖ
1510 565 1576 633 τῇ
1617 569 1759 632 ΑΔ,
1800 563 1893 618 καὶ
1951 610 1956 615 .

194 653 273 715 εἰς
319 648 492 715 αὐτὰς
543 651 893 720 ἐμπέπτωκεν
944 648 979 720 ἡ
1019 656 1158 720 ΒΔ,
1212 648 1247 721 ἡ
1296 649 1452 715 ἐκτὸς
1488 654 1667 721 γωνία
1706 649 1732 705 oe‘
1780 649 1893 707 ὑπὸ

194 743 362 793 ΓΗΒ
403 745 495 809 ἴση
536 739 651 794 ἐστὶ
689 742 755 811 τῇ
791 737 948 804 ἐντὸς
985 740 1078 794 καὶ
1109 736 1445 795 ἀπεναντίον
1479 742 1544 812 τῇ
1568 737 1678 794 ὑπὸ
1705 746 1892 796 ΑΔΒ.
1953 771 1956 774 ·

193 824 315 882 ἀλλ’
368 825 402 898 ἡ
452 825 563 883 ὑπὸ
606 834 779 882 ΑΛΒ
825 831 891 900 τῇ
931 825 1042 883 ὑπὸ
1082 834 1256 883 ΑΒΔ
1295 829 1446 883 ἐστιν
1487 835 1605 898 ἴση,
1647 827 1761 883 ἐπεὶ
1800 829 1893 884 καὶ

193 914 404 988 πλευρὰ
456 913 490 987 ἡ
531 921 641 971 ΒΑ
689 924 755 989 τῇ
796 923 849 970 A
862 922 914 970 Δ
966 918 1116 972 ἐστιν
1168 923 1290 988 ἴση·
1352 916 1444 971 καὶ
1496 913 1530 987 ἡ
1577 913 1686 971 ὑπὸ
1728 920 1894 972 ΓΗΒ

192 1003 303 1076 ἄρα
342 1009 521 1075 γωνία
559 1008 625 1078 τῇ
664 1002 772 1060 ὑπὸ
809 1009 985 1060 ΗΒΓ
1017 1005 1167 1061 ἐστιν
1208 1011 1328 1076 ἴση·
1370 1003 1510 1060 ὥστε
1549 1005 1641 1060 καὶ
1680 1001 1893 1075 πλευρὰ
1955 1020 1956 1023 ’

194 1091 228 1165 ἡ
268 1098 379 1149 ΒΓ
408 1098 620 1168 πλευρᾷ
661 1098 726 1167 τῇ
767 1099 887 1149 ΓΗ
918 1096 1068 1151 ἐστιν
1118 1101 1234 1166 ἴση·
1297 1092 1424 1149 ἀλλ’
1469 1092 1504 1165 ἡ
1545 1093 1647 1165 μὲν
1687 1098 1788 1149 ΓΒ
1826 1097 1893 1167 τῇ

192 1187 316 1237 ΗΚ
351 1184 502 1238 ἐστιν
543 1189 654 1254 ἴση,
694 1181 729 1254 ἡ
771 1182 832 1238 δὲ
872 1187 992 1237 ΓΗ
1021 1186 1087 1256 τῇ
1129 1189 1269 1238 ΚΒ·
1308 1183 1400 1238 καὶ
1440 1180 1476 1254 ἡ
1520 1188 1643 1237 ΗΚ
1678 1181 1788 1255 ἄρα
1826 1187 1893 1255 τῇ

192 1276 300 1326 ΚΒ
340 1272 491 1327 ἐστιν
533 1279 655 1342 ἴση·
697 1270 1034 1343 ἰσόπλευρον
1075 1270 1186 1343 ἄρα
1218 1271 1333 1327 ἐστὶ
1365 1269 1426 1326 τὸ
1453 1275 1705 1327 ΓΗΚΒ.
1752 1272 1894 1342 λέγω

193 1360 283 1431 δή,
331 1359 417 1416 ὅτι
455 1361 548 1415 καὶ
589 1358 962 1433 ὀρθογώνιον.
1028 1360 1143 1416 ἐπεὶ
1189 1359 1297 1431 γὰρ
1347 1359 1702 1433 παράλληλός
1742 1362 1893 1416 ἐστιν

191 1449 225 1522 ἡ
266 1455 387 1506 ΓΗ
416 1453 481 1523 τῇ
524 1454 639 1504 ΒΚ
687 1450 800 1518 [καὶ
855 1453 934 1515 εἰς
985 1446 1157 1514 αὐτὰς
1211 1450 1559 1519 ἐμπέπτωκεν
1611 1446 1808 1505 εὐθεῖα
1858 1447 1891 1519 ἡ

134 1554 159 1593 5
192 1539 344 1613 ΓΒ],
401 1541 463 1594 αἰ
514 1540 621 1611 ἄρα
674 1535 783 1594 ὑπὸ
825 1542 1013 1607 ΚΒΓ,
1054 1542 1222 1592 ΗΓΒ
1276 1542 1477 1608 γωνίαι
1534 1536 1638 1593 δύο
1692 1534 1896 1610 ὀρθαῖς

193 1632 336 1684 εἰσιν
386 1635 517 1684 ἴσαι.
603 1626 750 1699 ὀρθὴ
802 1627 863 1683 δὲ
902 1625 936 1698 ἡ
977 1624 1088 1682 ὑπὸ
1130 1630 1324 1682 ΚΒΓ·
1388 1624 1538 1699 ὀρθὴ
1579 1625 1690 1699 ἄρα
1728 1626 1820 1681 καὶ
1859 1623 1893 1697 ἡ

193 1715 300 1772 ὑπὸ
350 1722 546 1773 ΒΓΗ·
613 1714 752 1773 ὥστε
798 1716 890 1771 καὶ
941 1717 1004 1771 αἱ
1046 1713 1384 1772 ἀπεναντίον
1438 1717 1501 1770 αἱ
1542 1713 1652 1770 ὑπὸ
1701 1719 1895 1786 ΓΗΚ,

192 1811 368 1861 ΗΚΒ
409 1804 590 1878 ὀρθαί
624 1808 783 1862 εἰσιν.
846 1803 1208 1878 ὀρθογώνιον
1248 1803 1358 1876 ἄρα
1398 1804 1512 1860 ἐστὶ
1553 1802 1615 1859 τὸ
1642 1807 1894 1859 ΓΗΚΒ·

193 1896 419 1966 ἐδείχθη
474 1894 536 1950 δὲ
586 1895 679 1950 καὶ
732 1892 1092 1966 ἰσόπλευρον·
1156 1893 1506 1967 τετράγωνον
1559 1891 1671 1965 ἄρα
1718 1894 1892 1948 ἐστίν·

192 1988 290 2039 καί
332 1985 484 2040 ἐστιν
532 1982 642 2040 ἀπὸ
688 1987 786 2055 τῆς
824 1987 940 2039 ΓΒ.
1016 1982 1110 2038 διὰ
1149 1982 1215 2038 τὰ
1258 1980 1398 2038 αὐτὰ
1445 1981 1515 2053 δὴ
1555 1981 1648 2037 καὶ
1687 1979 1750 2037 τὸ
1791 1987 1894 2036 ΘΖ

191 2071 546 2143 τετράγωνόν
587 2074 761 2128 ἐστιν·
801 2076 900 2127 καί
936 2073 1086 2127 ἐστιν
1126 2070 1236 2127 ἀπὸ
1276 2075 1375 2143 τῆς
1415 2076 1552 2142 ΘΗ,
1606 2071 1893 2126 τουτέστιν

196 2159 350 2231 [ἀπὸ]
391 2165 489 2233 τῆς
527 2165 663 2216 ΑΓ·
703 2159 769 2216 τὰ
811 2159 921 2232 ἄρα
954 2166 1080 2230 ΘΖ,
1121 2164 1237 2215 ΚΓ
1269 2158 1590 2231 τετράγωνα
1629 2158 1739 2215 ἀπὸ
1768 2162 1892 2215 ’τῶν

192 2254 318 2321 ΑΓ,
366 2254 469 2305 ΓΒ
517 2252 675 2305 εἰσιν.
736 2249 829 2304 καὶ
878 2249 993 2305 ἐπεὶ
1042 2256 1168 2305 ἴσον
1215 2249 1330 2305 ἐστὶ
1369 2247 1432 2305 τὸ
1472 2254 1605 2304 ΑΗ
1633 2251 1710 2325 τῷ
1750 2253 1890 2317 ΗΕ,

191 2343 289 2394 καί
324 2339 440 2394 ἐστι
479 2335 542 2394 τὸ
568 2343 695 2393 ΑΗ
723 2336 786 2394 τὸ
828 2335 937 2394 ὑπὸ
977 2341 1093 2394 τῶν
1119 2342 1242 2409 ΑΓ,
1268 2341 1399 2392 ΓΒ·
1440 2343 1532 2409 ἴση
1572 2336 1680 2409 γὰρ
1721 2334 1900 2409 ἡΗΓ

134 2441 159 2480 5
193 2431 257 2500 τῇ
299 2432 399 2482 ΓΒ
425 2445 436 2458 ·
477 2427 569 2482 καὶ
608 2425 669 2483 τὸ
711 2432 831 2482 ΗΕ
867 2425 976 2499 ἄρα
1017 2433 1143 2482 ἴσον
1184 2426 1298 2482 ἐστὶ
1337 2429 1413 2501 τῷ
1452 2423 1562 2481 ὑπὸ
1603 2430 1727 2496 ΑΓ,
1767 2429 1890 2480 ΓΒ·

194 2515 260 2571 τὰ
303 2514 412 2588 ἄρα
452 2521 595 2586 ΑΗ,
635 2520 753 2570 ΗΕ
790 2521 883 2570 ἴσα
924 2516 1037 2571 ἐστὶ
1077 2518 1153 2592 τῷ
1194 2515 1283 2580 δὶς
1319 2511 1429 2571 ὑπὸ
1469 2517 1584 2570 τῶν
1624 2518 1748 2586 ΑΓ,
1775 2518 1890 2569 ΓΒ.

315 2745 354 2784 2.
398 2739 502 2797 ΓΖ]
539 2740 670 2782 ΖΓΖ
700 2737 752 2783 Ρ.
905 2734 984 2782 διὰ
1019 2736 1094 2796 δέ]
1129 2738 1209 2782 καὶ
1242 2735 1322 2781 διὰ
1354 2752 1398 2794 p.
1554 2741 1594 2780 3.
1634 2736 1737 2794 ΑΒ]
1773 2739 1808 2780 Β
1839 2736 1888 2780 in

194 2813 284 2844 ras.
317 2814 362 2855 p.
509 2797 622 2843 Post
651 2793 944 2853 παράλληλος
973 2797 1023 2840 in
1054 2797 1092 2840 P
1124 2797 1196 2842 est
1226 2812 1441 2854 γραμμον
1471 2795 1657 2853 puncffis
1690 2795 1829 2840 delet.

196 2864 235 2902 4.
272 2859 375 2916 ΓΖ]
411 2871 525 2903 corr.
559 2871 615 2900 ex
647 2858 736 2900 ΖΓ
762 2856 812 2899 F.
1003 2861 1043 2900 5.
1078 2856 1186 2914 ΒΛ]
1222 2859 1308 2899 ΑΒ
1339 2870 1384 2912 p.
1571 2861 1609 2900 7.
1643 2850 1759 2899 ἄλλά
1791 2855 1885 2910 Vp.

258 2922 324 2962 10.
367 2912 483 2961 ἀλλά
515 2916 664 2974 PVp.
865 2921 933 2959 11.
967 2915 1076 2972 KB]
1110 2919 1146 2958 Β
1179 2928 1204 2960 e
1237 2928 1351 2960 corr.
1385 2917 1533 2971 p33K
1560 2913 1612 2958 P.
1819 2919 1886 2957 12.

198 2972 321 3021 ἐστιν
354 2976 451 3034 ἴση]
487 2989 575 3020 om.
610 2991 654 3032 p.
794 2971 920 3032 ἐστί]
955 2970 1081 3019 ἐστίν
1111 2974 1162 3018 Ρ.
1301 2978 1370 3018 13.
1403 2969 1486 3032 δή]
1521 2986 1609 3018 om.
1642 2973 1691 3018 F.
1819 2978 1887 3016 14.
