1956 3074
647 650 1263 720 PRAEFATIO.
1350 741 1353 743 ,

213 890 504 943 Elementa
528 887 772 941 Euclidis
811 904 981 956 paene
1019 905 1117 955 per
1156 886 1264 939 tria
1297 887 1517 939 saecula
1546 903 1645 955 pro
1679 884 1801 938 fun-

105 979 358 1032 damento
391 978 579 1032 critico
614 976 788 1030 solam
821 975 1116 1029 editionem
1148 974 1450 1043 principem
1481 974 1802 1042 habuerunt,

105 1085 241 1137 quae
280 1067 484 1136 prodiit
522 1065 771 1118 Basileae
813 1082 858 1117 a.
888 1063 1053 1133 15333
1093 1081 1222 1116 nam
1263 1062 1562 1133 Gregorius
1603 1063 1662 1115 in
1700 1063 1803 1115 ele-

103 1156 299 1208 mentis
338 1158 486 1208 totus
527 1154 639 1206 fere
690 1153 758 1206 ab
797 1152 893 1204 illa
934 1152 1172 1205 editione
1212 1151 1426 1221 pendet.
1505 1151 1647 1221 quod
1685 1150 1804 1204 fun-

103 1244 415 1296 damentum
457 1243 612 1312 quale
651 1241 837 1307 fuerit,
876 1240 998 1293 inde
1038 1241 1398 1311 intellegitur,
1455 1240 1599 1309 quod
1639 1239 1803 1293 editio

105 1331 434 1385 Basileensis
474 1350 575 1402 pro
617 1330 1007 1384 consuetudine
1047 1329 1193 1383 illius
1233 1330 1496 1399 temporis
1537 1328 1605 1382 ad
1644 1329 1804 1382 fidem

103 1421 557 1491 paucissimorum
618 1438 716 1473 nec
773 1406 1112 1489 ¹optimorum
1175 1419 1419 1472 codicum
1487 1417 1634 1471 facta
1704 1420 1802 1487 est,

105 1528 230 1563 cum
269 1513 453 1562 tamen
493 1510 883 1562 elementorum
922 1511 1007 1561 tot
1048 1509 1260 1560 exstent
1300 1506 1512 1560 codices
1546 1507 1804 1576 antiquis-

106 1599 230 1652 simi
278 1602 333 1651 et
378 1596 859 1667 praestantissimi,
928 1599 1061 1665 quot
1099 1595 1246 1649 haud
1284 1595 1445 1650 facile
1485 1595 1802 1664 cuiusquam

7 1691 13 1694 ’
106 1688 386 1757 scriptoris
428 1687 633 1740 Graeci.
695 1686 879 1754 itaque
919 1684 1079 1738 initio
1119 1685 1294 1738 nostri
1334 1685 1539 1739 saeculi
1577 1683 1804 1754 Peyrar—

3 1804 12 1809 -
91 1777 205 1829 dus
246 1775 449 1844 optime
489 1775 554 1828 de
594 1774 874 1827 elementis
916 1774 1139 1826 meritus
1181 1776 1278 1842 est,
1319 1773 1463 1842 quod
1501 1792 1670 1826 unum
1704 1773 1805 1826 sal-

38 1933 43 1938 .
105 1869 216 1919 tem
255 1864 495 1919 codicem
536 1863 821 1932 antiquum
860 1865 915 1915 et
955 1879 1079 1914 eum
1120 1862 1362 1915 omnium
1401 1862 1804 1931 praestantissi-

105 1972 252 2006 mum
263 1995 277 2023 ,
334 1953 533 2022 quippe
590 1950 682 2020 qui
739 1951 1108 2004 recensionem
1164 1949 1387 2005 Theone
1444 1951 1806 2021 antiquiorem

106 2042 431 2110 contineret,
469 2041 527 2092 in
559 2039 794 2092 editione
825 2037 1128 2092 Basileensi
1169 2039 1504 2092 emendanda
1544 2039 1805 2094 adhibuit.

104 2131 248 2185 hunc
296 2130 535 2184 codicem
584 2147 612 2181 e
661 2128 887 2182 latebris
936 2127 1219 2181 Uaticanis
1273 2128 1604 2197 protraxisse
1651 2146 1803 2197 prae-

108 2220 472 2290 stantiamque
513 2218 628 2271 eius
671 2218 976 2288 agnouisse,
1017 2217 1194 2288 gloria
1233 2219 1317 2269 est
1356 2216 1620 2286 Peyrardi
1658 2217 1804 2270 haud

105 2309 264 2378 parui
316 2306 670 2361 aestimanda.
748 2306 842 2359 sed
889 2324 1062 2375 neque
1109 2305 1307 2374 ubique
1353 2309 1500 2359 recto
1542 2307 1804 2376 firmoque

106 2397 305 2451 iudicio
346 2397 402 2449 in
443 2414 573 2449 uera
613 2394 884 2464 scriptura
916 2394 1166 2464 eligenda
1204 2412 1333 2447 usus
1376 2397 1474 2463 est,
1516 2395 1574 2448 in
1612 2396 1804 2464 primis

108 2487 235 2557 quia
273 2485 434 2538 bonis
468 2484 742 2538 codicibus
774 2483 1103 2536 recensionis
1130 2482 1368 2536 Theonis
1402 2484 1591 2554 caruit,
1631 2503 1805 2554 neque

0 2578 4 2583 ’
107 2576 387 2628 inuentum
429 2592 585 2627 suum
623 2573 801 2626 tenuit
838 2575 1090 2642 recteque
1132 2572 1454 2626 aestimauit.
1509 2573 1614 2626 huc
1655 2573 1806 2627 adce-

108 2664 209 2733 dit,
265 2663 408 2732 quod
456 2662 617 2716 editio
666 2663 780 2716 eius
829 2665 883 2715 ct
930 2661 1188 2715 inhabilis
1238 2664 1292 2714 et
1337 2661 1423 2714 his
1464 2663 1802 2731 temporibus

106 2771 327 2823 perrara
366 2755 469 2819 est3
508 2769 608 2804 nec
645 2751 699 2820 ii,
741 2751 834 2821 qui
872 2752 1001 2820 post
1031 2748 1364 2819 Peyrardum
1399 2749 1666 2803 elementa
1700 2751 1804 2805 edi-

109 2841 326 2909 derunt,
383 2838 627 2893 subsidia
674 2837 861 2891 critica
910 2841 1176 2892 auxerunt
1214 2855 1387 2908 neque
1429 2838 1649 2892 omnino
1689 2858 1803 2893 rem
