1956 3074
526 137 989 179 ELEMENTORUM
1019 138 1200 179 LmER
1231 139 1289 181 11.
1655 135 1758 191 161

178 256 327 328 Ergo
373 256 430 308 in
477 256 768 327 triangulis
808 255 1170 326 acutiangulis
1211 256 1533 325 quadratum
1572 258 1760 311 lateris

66 347 167 402 sub
208 347 366 399 acuto
406 345 610 415 angulo
651 344 1027 398 subtendentis
1065 344 1339 414 quadratis
1372 345 1606 398 laterum
1640 364 1763 399 acu-

62 439 181 490 tum
212 434 471 505 angulum
503 433 1072 502 comprehendentium
1104 433 1283 485 minus
1317 435 1399 486 est
1431 433 1594 502 duplo
1628 437 1762 488 rect-

65 524 267 595 angulo
326 518 714 591 comprehenso
778 523 847 575 ab
896 523 1068 575 altero
1115 523 1346 575 laterum
1401 524 1619 575 acutum
1673 541 1764 575 an-

63 614 254 685 gulum
286 610 872 681 comprehendentium,
913 629 976 665 eo
1011 611 1230 680 scilicet,
1268 611 1327 663 in
1361 611 1504 680 quod
1535 628 1761 680 perpen-

65 702 318 756 dicularis
359 700 517 769 cadit,
573 703 627 753 et
663 703 814 753 recta
853 718 885 752 a
922 699 1355 769 perpendiculari
1396 699 1462 751 ad
1502 699 1762 770 angulum

63 794 287 845 acutum
325 791 470 843 intra
510 790 745 859 abscisa3
788 789 931 858 quod
972 792 1090 842 erat
1128 788 1620 843 demonstrandum.

837 951 983 1005 XIV.

173 1056 509 1119 Quadratum
555 1055 714 1109 datae
762 1055 966 1125 figurae
1006 1054 1321 1108 rectilineae
1363 1054 1585 1125 aequale
1625 1073 1756 1108 con-

63 1151 284 1200 struere.

177 1234 260 1289 Sit
298 1235 426 1288 data
463 1235 637 1305 figura
676 1233 956 1286 rectilinea
989 1237 1052 1286 A.
1102 1234 1319 1302 oportet
1348 1232 1519 1302 igitur
1548 1232 1758 1302 figurae

62 1325 371 1379 rectilineae
412 1329 465 1376 A
505 1323 726 1392 aequale
767 1322 1093 1392 quadratum
1132 1325 1460 1375 construere,

168 1417 511 1468 construatur
543 1413 685 1465 enim
717 1412 922 1482 figurae
959 1411 1272 1464 rectilineae
1298 1416 1349 1463 A
1381 1411 1606 1480 aequale
1642 1427 1762 1479 par-

61 1503 535 1573 allelogrammum
589 1500 968 1570 rectangulum
1023 1503 1135 1552 BA
1190 1499 1262 1570 [Ι,
1292 1498 1406 1566 45].
1499 1499 1547 1552 si
1592 1499 1763 1570 igi-tur

63 1595 175 1645 ΒΕ
197 1617 267 1635 =
295 1595 422 1660 EA,
461 1590 707 1643 effectum
747 1589 864 1659 erit,
904 1589 1047 1659 quod
1077 1589 1421 1658 propositum
1452 1591 1581 1642 erat.
1638 1607 1760 1643 con-

62 1685 332 1735 structum
405 1680 547 1732 enim
627 1682 712 1732 est
780 1678 1103 1748 quadratum
1157 1681 1270 1731 BA
1331 1677 1492 1731 datae
1553 1679 1760 1746 figurae

61 1770 374 1822 rectilineae
407 1774 459 1821 A
498 1768 736 1837 aequale.
807 1766 890 1820 sin
933 1767 1133 1837 minus,
1190 1768 1450 1820 alterutra
1487 1769 1762 1819 rectarum

694 1860 814 1926 ΒΕ,
840 1859 955 1908 ΕΔ
978 1856 1152 1909 maior
1177 1860 1271 1909 est.
1321 1857 1395 1909 sit
1435 1855 1608 1909 maior
1638 1859 1762 1926 ΒΕ,

502 1933 544 1982 θ
694 1948 748 1997 et
800 1944 1130 2013 producatur
1185 1944 1253 1997 ad
1294 1948 1359 2014 Ζ,
1418 1947 1473 1996 et
1526 1947 1763 2013 ponatur

238 1972 629 2178 Q
693 2036 1056 2102 EZ=EA‚
1104 2035 1158 2085 et
1196 2036 1300 2086 ΒΖ
1340 2034 1397 2087 in
1436 2037 1501 2087 H
1534 2034 1592 2088 in
1631 2035 1764 2088 duas

170 2143 242 2191 Β7
384 2174 464 2220 Η
602 2174 645 2219 Ζ
691 2125 875 2263 partes
915 2123 1166 2263 alesqualgs
1208 2125 1418 2265 secegr
1459 2122 1764 2264 [1⁷1‡OE⁷13et

238 2194 244 2268 l
498 2171 504 2270 1
694 2229 789 2264 een
817 2230 875 2264 ro
1044 2230 1106 2263 ra
1144 2230 1197 2264 1o
1253 2230 1322 2264 au
1381 2231 1435 2265 m
1497 2230 1531 2264 a
1579 2230 1762 2265 crura

194 2274 246 2317 Ρ
468 2274 517 2319 Δ
687 2304 961 2353 rectarum
1016 2302 1154 2370 ΗΒ,
1214 2299 1330 2354 ΗΖ
1393 2301 1760 2354 semicirculus

65 2390 398 2444 describatur
436 2394 619 2459 ΒΘΖ,
669 2393 723 2443 et
763 2389 1094 2459 producatur
1135 2393 1190 2441 A
1200 2393 1251 2442 E
1289 2390 1357 2443 ad
1396 2393 1470 2460 Θ,
1509 2394 1563 2443 et
1603 2390 1763 2443 duca-

63 2481 152 2532 tur
190 2481 321 2533 ΗΘ.

175 2569 284 2621 iam
338 2569 592 2638 quoniam
642 2571 790 2621 recta
830 2571 933 2620 ΒΖ
971 2567 1031 2620 in
1077 2571 1258 2637 partes
1309 2566 1559 2637 aequales
1608 2570 1761 2621 secta

183 2771 304 2817 XIV.
346 2771 552 2830 Simplic.
592 2773 643 2818 in
675 2773 815 2819 Arist.
849 2773 907 2818 de
940 2773 1053 2818 coel.
1078 2773 1156 2818 fol.
1187 2775 1292 2825 1013
1337 2771 1399 2818 id.
1432 2771 1482 2817 in
1511 2772 1648 2830 phys.
1679 2770 1770 2817 fol.

69 2834 171 2886 12⁰3
204 2836 273 2876 14.
335 2831 526 2878 Boetius
557 2849 601 2890 p.
627 2838 727 2889 386,
746 2839 816 2878 23.

145 3017 404 3061 Eucliden,
430 3018 513 3052 edd.
531 3019 700 3059 Boiberg
725 3022 761 3052 et
785 3020 932 3059 Mango.
1351 3017 1401 3055 11
