1956 3074
541 124 1000 166 ELEMENTORUM
1030 124 1214 165 LIBER
1244 126 1279 168 I.
1686 125 1756 178 37

833 285 983 340 ΧΙΙΙ.

178 389 235 443 Si
281 393 428 443 reeta
469 406 629 458 super
666 393 870 442 rectam
909 390 1107 443 lineam
1142 396 1322 444 erecta
1363 392 1594 461 angulos
1636 393 1758 446 effe-

66 479 213 546 cerit,
253 482 347 530 aut
386 478 519 531 duos
560 481 736 531 rectos
778 481 873 531 aut
920 479 1128 532 duobus
1168 481 1329 533 rectis
1370 481 1623 549 aequales
1665 499 1758 534 an-

63 567 218 639 gulos
258 566 471 621 efficiet.

170 674 298 709 nam
336 659 485 710 recta
524 657 707 726 aliqua
737 659 848 708 AB
883 674 1044 725 super
1074 660 1281 711 rectam
1313 659 1418 710 ΓΔ
1449 662 1631 712 eree'ca
1664 677 1757 713 an—

65 745 223 816 gulos
264 745 464 799 efficiat
487 747 666 813 ΓΒΑ,
705 748 896 797 ΑΒΔ.
937 745 1071 815 dieo,
1111 746 1339 816 angulos
1363 749 1545 817 ΓΒΑ,
1585 751 1760 800 ΑΒΔ

65 837 159 887 auf.
198 833 333 887 duos
373 837 552 888 rectos
593 852 711 887 esse
751 837 846 887 aut
885 834 1095 888 duobus
1135 836 1299 888 rectis
1340 837 1609 905 aequales.

255 919 319 970 Ε
371 922 453 971 Α
713 923 822 976 iam
864 923 910 976 si
948 926 1434 994 FBA=ABA,
1475 927 1580 979 duo
1621 927 1757 980 recti

633 1015 759 1064 sunl:
822 1011 947 1078 [def.
1003 1013 1111 1079 10].
1204 1014 1292 1066 sin
1353 1014 1532 1066 minus
1545 1057 1559 1083 ,
1623 1033 1655 1067 a
1709 1018 1756 1067 Β

630 1103 830 1170 puncto
857 1101 923 1153 ad
949 1103 1153 1154 rectam
1167 1103 1272 1154 ΓΔ
1287 1102 1755 1172 perpendicularis

633 1189 858 1243 dueatur
880 1193 991 1242 ΒΕ
1021 1188 1332 1259 [prop.XI].
1369 1191 1552 1261 itaque
1570 1194 1673 1245 ΓΒ
1687 1196 1758 1262 Ε,

632 1281 804 1331 ΕΒΔ
851 1278 957 1332 duo
996 1279 1132 1332 recti
1174 1282 1314 1332 sunt.
1407 1283 1461 1332 el:
1499 1281 1758 1350 quoniam

69 1373 126 1420 A
246 1377 299 1421 B
434 1382 502 1427 ,Γ
631 1369 797 1419 ΓΒΕ
819 1392 887 1410 --
914 1369 1079 1419 ΓΒΑ
1106 1368 1173 1434 4-
1201 1371 1395 1437 ABE,
1457 1370 1757 1423 eommunis

57 1454 340 1509 adiiciassur
399 1459 585 1509 EBA.
676 1456 858 1526 itaque
913 1458 1078 1510 ΓΒΕ
1102 1458 1168 1523 4—
1197 1459 1301 1509 ΕΒ
1314 1461 1369 1509 Δ
1400 1482 1469 1501 =
1495 1460 1662 1512 ΓΒΑ
1689 1461 1754 1526 -Ι-

57 1547 229 1596 ΑΒΕ
252 1545 317 1611 -Ι-
347 1548 521 1598 ΕΒΔ
563 1547 631 1612 [κ.
671 1546 785 1598 ἔνν.
824 1546 900 1612 2].
957 1563 1147 1598 rursus
1186 1546 1442 1614 quoniam
1483 1549 1661 1599 ABA
1688 1573 1756 1591 =

57 1634 233 1684 ABE
256 1634 323 1699 -1-
351 1636 542 1703 ΕΒΑ,
605 1635 909 1687 communis
965 1633 1252 1687 adficiatur
1305 1639 1358 1687 Α
1368 1638 1486 1689 ΒΓ.
1572 1636 1757 1706 ίὺειᾳυθ

58 1723 232 1774 ΔΒΑ
257 1723 324 1788 -l-
353 1724 613 1782 ABF=
640 1726 816 1776 ΔΒΕ
838 1725 905 1791 -1-
937 1726 1107 1776 ΕΒΑ
1133 1724 1200 1790 4-
1229 1725 1402 1776 ΑΒΓ
1456 1724 1585 1791 [id.].
1665 1725 1758 1778 sed

57 1809 489 1864 demonstratum
527 1815 625 1876 est,
665 1812 831 1865 etiam
863 1814 1033 1865 ΓΒΕ
1055 1813 1123 1879 -†—
1152 1814 1324 1864 ΕΒΔ
1355 1811 1547 1865 iisdem
1582 1812 1757 1866 tribus

57 1899 312 1967 aequales
353 1917 484 1954 esse.
525 1919 662 1971 quae
703 1904 883 1954 autem
923 1901 1097 1954 eidem
1130 1900 1375 1969 aequalia
1409 1903 1551 1966 sunt,
1591 1900 1757 1954 etiam

58 1987 201 2040 inter
240 2006 297 2041 se
335 1990 585 2059 aequalia
625 1992 752 2043 sunia
792 1992 860 2056 [κ.
902 1991 1015 2044 ἔνν.
1061 1991 1131 2056 1].
1193 2007 1359 2059 quare
1401 1988 1569 2043 etiam

370 2080 533 2132 ΓΒΕ
556 2081 623 2146 4—
652 2083 833 2132 EBA
859 2105 928 2122 =
957 2082 1130 2132 ΔΒΑ
1157 2080 1224 2146 -Ι-
1253 2079 1435 2132 ΑΒΓ.
1656 2149 1670 2158 .

164 2183 354 2219 uerum
387 2170 552 2221 ΓΒΕ
576 2169 645 2235 -Ι-’
670 2172 842 2221 ΕΒΔ
873 2168 978 2221 duo
1017 2168 1150 2221 recti
1189 2170 1333 2221 sunt.
1372 2168 1557 2236 itaque
1592 2167 1758 2220 etiam

55 2256 231 2306 ABA
254 2257 322 2322 -1-
351 2259 525 2310 ΑΒΓ
557 2258 766 2312 duobus
805 2258 970 2310 rectis
1011 2260 1138 2310 sunt
1177 2257 1443 2327 aequales,

163 2341 315 2414 Ergo
356 2345 402 2397 si
441 2347 591 2398 reeta
631 2363 793 2414 super
830 2348 1035 2400 rectam
1073 2347 1272 2400 lineam
1313 2347 1493 2399 ereeba
1525 2346 1757 2415 angulos

173 2487 291 2533 XIII.
327 2489 536 2547 simplic.
569 2490 620 2534 in
650 2490 784 2548 phys,
817 2490 897 2537 fol.
926 2497 995 2536 14.
1058 2491 1307 2549 Philopon.
1340 2491 1391 2535 in
1422 2492 1556 2548 phys.
1589 2491 1622 2534 h
1653 2489 1757 2546 IIII,

54 2545 104 2590 in
134 2548 257 2595 anal.
290 2548 333 2591 H
362 2563 409 2606 p.
436 2554 507 2595 65.
570 2550 751 2594 Psellus
782 2565 827 2608 p.
854 2556 928 2602 36,
945 2555 1015 2595 40.
1071 2550 1266 2596 Boetius
1299 2566 1343 2608 p.
1373 2555 1475 2605 381,
1494 2556 1534 2595 9.

53 2677 148 2725 εἰσί
175 2679 333 2738 PBV3
368 2696 517 2739 comp.
550 2682 596 2728 b.
721 2688 790 2730 16.
825 2684 922 2743 ἴση]
958 2698 1074 2730 corr.
1110 2698 1167 2728 ex
1198 2681 1278 2728 ἴσα
1310 2685 1365 2729 V.
1477 2680 1624 2742 ἐστίν]
1658 2682 1758 2741 PF,

62 2751 211 2798 comp.
245 2743 290 2798 b,
325 2737 429 2787 ἐστί
455 2741 615 2800 uulgo.
710 2748 778 2791 17.
827 2739 942 2811 ἄρα]
982 2740 1077 2801 ἄρα
1109 2744 1281 2800 γωνίαι
1311 2743 1378 2799 (in
1409 2757 1499 2789 rae.
1551 2739 1606 2787 αἱ
1638 2742 1688 2788 V.

55 2801 129 2842 20.
161 2801 270 2858 καί]
307 2800 429 2857 (alt.)
461 2805 571 2858 post
596 2815 652 2847 ea
682 2802 788 2847 add.
824 2801 886 2858 V3
918 2818 969 2846 m
1000 2818 1093 2859 mg.
1127 2802 1234 2847 add.
1268 2816 1329 2847 m.
1355 2807 1407 2847 2:
1452 2819 1482 2848 οι
1534 2798 1638 2847 δύο.

51 2860 122 2901 21.
156 2856 273 2903 εἰσιν
308 2862 405 2904 ἴσαι
435 2875 482 2916 p.
576 2866 647 2906 22.
681 2860 822 2920 εἰσιν]
856 2861 959 2917 PF3
994 2876 1143 2917 comp.
1177 2860 1278 2916 Bb;
1313 2860 1404 2907 εἱσι
1429 2862 1511 2906 uul
1546 2875 1586 2907 0.
1681 2857 1755 2918 αἴ]

53 2926 143 2962 om.
168 2916 223 2962 V.
347 2924 417 2964 23.
450 2915 567 2978 ἄρα]
601 2934 691 2967 om.
723 2920 821 2967 BF.
947 2926 1018 2966 24.
1051 2917 1185 2979 Ἐάν]
1219 2917 1282 2973 ὡς
1313 2918 1375 2967 ἄν
1407 2920 1493 2965 ΡΒ
1551 2921 1685 2978 pr.
