1956 3074
267 75 375 129 256
897 74 1232 118 ΣΤΟΙΧΕΙΩΝ
1261 71 1326 130 γ’.

1061 221 1176 277 λδ’.

372 323 518 381 Ἀπὸ
574 328 691 381 τοῦ
746 325 1067 389 δοθέντος
1118 323 1366 379 κύκλου
1418 326 1634 395 τμῆμα
1681 321 1956 394 άφελεῖν

268 413 635 485 δεχόμενον
682 417 931 483 γωνίαν
981 419 1132 482 ἴσην
1171 414 1244 483 τῇ
1287 414 1566 485 δοθείσῃ
1607 417 1816 486 γωνίᾳ
1855 411 1956 467 εὐ-

266 501 652 576 θυγρᾶμμφ·

209 605 235 643 5
362 589 544 646 ’Ἑστω
587 587 616 645 ὁ
657 589 850 653 δοθεὶς
887 587 1090 654 κύκλος
1122 585 1151 644 ὅ
1178 593 1361 659 ΑΒΓ,
1400 586 1434 660 ἡ
1477 588 1539 644 δὲ
1581 592 1816 644 δοθεῖσα
1855 611 1956 659 γω-

266 683 363 734 νία
401 676 802 751 εὐθύγραμμος
840 674 874 748 ἡ
915 675 1056 749 πρὸς
1084 680 1160 751 τῷ
1187 684 1270 731 A·
1311 680 1400 732 δεῖ
1429 675 1498 748 δὴ
1531 675 1639 732 άπὸ
1673 680 1775 733 τοῦ
1798 683 1956 733 ΑΒῙ

266 766 476 822 κύκλου
513 769 699 837 τμῆμα
737 763 969 836 ἀφελεῖν
1010 764 1314 836 δεχόμενον
1352 769 1565 836 γωνίαν
1607 772 1736 836 ἴσην
1774 769 1838 838 τῇ
1873 769 1956 821 δο-

268 859 433 927 θείσῃ
474 858 654 928 γωνίᾳ
693 850 1075 928 εὐθυγράμμῳ
1116 856 1182 926 τῇ
1222 851 1361 925 πρὸς
1397 856 1472 927 τῷ
1516 859 1584 907 A.

363 943 562 1016 ”Ηχθω
613 945 715 998 τοῦ
766 946 937 997 ΑΒΓ
983 942 1336 1012 ἐφαπτομένη
1388 938 1422 1012 ἡ
1471 947 1574 996 ΕΖ
1625 939 1761 996 κατὰ
1811 940 1872 997 τὸ
1915 947 1956 997 Β

182 1045 237 1085 10
271 1044 528 1104 σημεῖον,
582 1031 675 1086 καὶ
722 1028 1038 1085 συνεστάτω
1085 1027 1225 1101 πρὸς
1271 1032 1337 1102 τῇ
1380 1035 1480 1083 ΖΒ
1522 1027 1718 1102 εὐθείᾳ
1756 1029 1847 1084 καὶ
1885 1033 1956 1104 τῷ

269 1120 407 1193 πρὸς
446 1117 586 1193 αὐτῇ
628 1122 836 1193 σημείῳ
875 1121 951 1192 τῷ
992 1123 1038 1172 Β
1080 1120 1146 1190 τῇ
1187 1117 1327 1190 πρὸς
1363 1120 1442 1191 τῷ
1483 1123 1539 1171 A
1576 1121 1755 1191 γωνίᾳ
1795 1125 1887 1189 ἴση
1928 1115 1956 1189 ἡ

267 1207 378 1266 ὑπὸ
421 1213 591 1264 ΖΒΓ.

377 1294 526 1352 Ἐπεὶ
567 1289 674 1352 οὖν
712 1294 925 1350 κύκλου
962 1297 1064 1349 τοῦ
1105 1298 1278 1348 ΑΒΓ
1309 1291 1615 1364 ἐφάπτεταί
1648 1314 1731 1358 τις
1769 1291 1956 1349 εὐθεῖα

269 1384 454 1458 ἡΕΖ,
492 1384 586 1439 καὶ
625 1381 734 1439 ἀπὸ
774 1386 871 1454 τῆς
907 1381 1044 1438 κατὰ
1084 1380 1146 1437 τὸ
1180 1387 1227 1436 Β
1268 1383 1482 1453 ἐπαφῆς
1522 1385 1740 1453 διῆκται
1780 1379 1814 1452 ἡ
1845 1386 1956 1451 ΒΓ,

184 1488 238 1528 15
270 1472 304 1546 ἡ
329 1471 440 1529 ὑπὸ
468 1477 632 1528 ΖΒΓ
657 1470 766 1545 ἄρα
790 1475 970 1542 γωνία
996 1477 1087 1541 ἴση
1114 1469 1229 1526 ἐστὶ
1252 1473 1318 1541 τῇ
1345 1472 1406 1526 ἐν
1430 1473 1506 1545 τῷ
1532 1474 1708 1525 ΒΑΓ
1732 1467 1956 1535 ἐναλλὰξ

270 1562 508 1634 τμήματι
563 1561 938 1633 συνισταμένῃ
992 1563 1186 1633 γωνίᾳ.
1265 1556 1389 1614 ἄλλ’
1433 1555 1467 1630 ἡ
1521 1555 1632 1614 ὑπὸ
1691 1562 1856 1614 ΖΒΓ
1900 1561 1956 1631 τῇ

270 1649 409 1723 πρὸς
454 1653 529 1724 τῷ
581 1656 635 1704 A
682 1650 834 1705 ἐστιν
882 1655 997 1719 ἴση·
1058 1647 1152 1703 καὶ
1190 1645 1224 1718 ἡ
1267 1648 1328 1703 ἐν
1365 1650 1442 1723 τῷ
1483 1651 1656 1702 ΒΑΓ
1687 1645 1798 1717 ἄρα
1835 1645 1956 1718 τμή-

272 1761 401 1811 ματι
442 1746 533 1809 ἴση
575 1738 688 1794 ἐστὶ
727 1740 792 1811 τῇ
831 1736 970 1809 πρὸς
1008 1739 1083 1811 τῷ
1127 1743 1182 1791 A
1221 1739 1462 1810 [γωνίᾳ].

380 1826 511 1884 Ἀπὸ
559 1830 660 1883 τοῦ
709 1827 980 1890 δοθέντος
1026 1823 1135 1897 ἄρα
1181 1824 1392 1880 κύκλου
1437 1826 1540 1880 τοῦ
1579 1829 1752 1879 ΑΒΓ
1781 1827 1956 1896 τμῆμα

184 1931 241 1972 20
274 1915 556 1991 ἀφῄρηται
587 1914 649 1971 τὸ
676 1919 848 1971 ΒΑΓ
880 1913 1186 1986 δεχόμενον
1222 1917 1437 1984 γωνίαν
1470 1919 1598 1983 ἴσην
1629 1916 1696 1985 τῇ
1731 1917 1956 1986 δοθείσῃ

272 2011 452 2079 γωνίᾳ
491 2002 873 2078 εὐθυγράμμῳ
912 2006 978 2075 τῇ
1018 2000 1158 2074 πρὸς
1188 2004 1264 2078 τῷ
1290 2007 1364 2055 Δ·
1408 1999 1542 2071 ὅπερ
1576 2004 1689 2057 ἔδει
1720 2004 1956 2073 ποιῆσαι4

1078 2163 1180 2219 λε’.

382 2267 528 2325 Ἐὰν
576 2271 643 2324 ἐν
682 2267 897 2342 κύκλῳ
939 2266 1059 2323 δύο
1100 2265 1364 2322 εὐθεῖαι
1402 2266 1730 2336 τέμνωσιν
1769 2264 1956 2335 ἀλλή-

276 2366 414 2430 λας,
466 2357 536 2413 τὸ
584 2354 709 2413 ὑπὸ
760 2359 890 2412 τῶν
935 2359 1047 2428 τῆς
1093 2359 1244 2427 μιᾶς
1280 2353 1632 2426 τμημάτων
1671 2351 1956 2425 περιεχό-

398 2510 436 2550 1.
475 2502 557 2553 λς’
591 2505 642 2549 F.
825 2509 864 2549 6.
906 2505 988 2548 δεῖ
1010 2501 1151 2559 δή-
1180 2508 1218 2548 7.
1252 2498 1470 2578 αφελεῐν]
1504 2516 1594 2547 om.
1626 2501 1683 2556 F;
1717 2500 1821 2547 add.
1855 2515 1914 2544 m

275 2580 369 2621 mg.
493 2569 533 2608 7.
566 2564 714 2619 γωνία
747 2581 797 2620 φ.
904 2563 959 2620 τῇ
994 2563 1193 2638 δοθείση
1227 2563 1374 2623 γωνίᾳ
1407 2557 1751 2619 ευθυγράμμῳ]
1786 2559 1844 2614 P,
1878 2573 1955 2604 0111

276 2622 439 2668 Theon
471 2623 698 2693 (BFVp).
821 2627 861 2666 8.
895 2622 957 2693 A]
994 2625 1036 2665 A
1068 2623 1217 2677 γωνία
1248 2621 1350 2677 Bp,
1382 2621 1418 2664 F
1451 2635 1512 2665 m
1537 2624 1579 2674 2,
1611 2619 1652 2663 V
1676 2623 1803 2663 111.2.
1925 2623 1952 2662 9

278 2686 420 2726 ΑΒΓ
445 2677 620 2726 κύκλου
659 2682 709 2736 V,
744 2681 826 2725 sed
857 2678 1032 2725 κύκλου
1063 2666 1250 2737 puncssis
1281 2681 1429 2725 notat.
1550 2677 1603 2736 ἡ]
1645 2674 1818 2722 εὐθεῖα
1850 2673 1878 2734 ἡ
1912 2676 1953 2720 V

277 2742 407 2786 Fm.
440 2755 530 2786 rec.
652 2741 711 2800 Β]
743 2754 858 2785 corr.
891 2740 1243 2785 emeU2F
1369 2743 1434 2785 10.
1470 2737 1570 2808 ΖΒ]
1604 2737 1766 2781 ΒΖΡ.
1899 2740 1950 2779 11

279 2799 605 2860 τῷ](3.11;.)τῇ
636 2815 688 2857 Ρ,
722 2813 837 2845 corr.
870 2804 998 2844 111.2.
1153 2803 1221 2842 13.
1270 2801 1408 2842 ΑΒΓ
1434 2795 1556 2842 κατὰ
1586 2792 1639 2840 τὸ
1672 2799 1708 2839 Β
1739 2795 1798 2850 V,
1839 2795 1875 2839 F
1908 2808 1956 2838 m

279 2873 370 2903 rec.
492 2859 583 2918 τις]
614 2874 675 2902 m.
702 2865 727 2903 2
759 2859 810 2903 F.
951 2863 1018 2902 15.
1052 2857 1219 2916 γωνία]
1254 2871 1344 2902 om.
1375 2857 1466 2914 Bp.
1611 2856 1687 2910 ἴση
1720 2851 1844 2913 ἐστί]
1877 2867 1955 2899 om
