1956 3074
109 1028 164 1067 10

111 1470 164 1511 15

111 1916 169 1956 20

194 98 304 150 242
835 99 1173 142 ΣΤΟΙΧΕΙΩΝ
1202 95 1265 155 γ’.

290 214 474 272 ’Ἑστω
512 214 715 282 κύκλος
756 214 785 271 ὁ
819 221 1060 287 ΑΒΓΔ,
1101 215 1397 288 διάμετρος
1435 215 1499 272 δὲ
1536 215 1714 272 αὐτοῦ
1752 220 1892 272 ἔστω

194 303 229 376 ἡ
270 310 407 376 ΒΓ,
461 305 696 377 κέντρον
738 305 801 360 δὲ
838 303 902 361 τὸ
944 311 1018 374 Ε,
1069 305 1162 360 καὶ
1203 304 1624 378 ἐπεζεύχθωσαν
1666 306 1729 359 αἱ
1763 311 1892 375 ΒΑ,

195 399 329 465 ΑΓ,
369 401 514 465 ΑΔ,
555 399 694 450 ΔΓ·
764 395 933 465 λέγω,
982 392 1068 449 ὅτι
1113 391 1148 464 ἡ
1196 393 1299 465 μὲν
1349 395 1411 450 ἐν
1448 398 1524 470 τῷ
1566 398 1738 449 ΒΑΓ
1769 391 1893 465 ἡμι-

195 488 402 556 κυκλίῳ
450 487 630 553 γωνία
678 480 711 553 ἡ
758 480 868 538 ὑπὸ
911 487 1084 537 ΒΑΓ
1117 479 1265 554 ὀρθή
1306 484 1483 553 ἐστιν,
1536 481 1570 554 ἡ
1613 482 1676 538 δὲ
1715 484 1776 538 ἐν
1814 484 1891 555 τῷ

194 577 367 627 ΑΒΓ
415 576 624 642 μείζονι
676 574 779 627 τοῦ
824 569 1158 642 ἡμικυκλίου
1204 569 1443 642 τμήματι
1488 575 1668 642 γωνία
1705 567 1740 641 ἡ
1780 566 1890 625 ὑπὸ

195 665 368 716 ΑΒΓ
400 658 643 715 ἐλάττων
676 659 828 715 ἐστὶν
861 657 1058 732 ὀρθῆς,
1098 656 1131 731 ἡ
1167 660 1229 715 δὲ
1261 661 1322 715 ἐν
1353 662 1623 734 τῷΑΔΓ
1641 658 1895 715 ἐλάττονι

195 751 296 804 τοῦ
347 745 680 820 ἡμικυκλίου
728 746 968 819 τμήματι
1019 751 1199 818 γωνία
1248 745 1282 819 ἡ
1330 745 1439 803 ὑπὸ
1479 752 1661 803 ΑΔΓ
1693 752 1893 819 μείζων

197 835 349 891 ἐστὶν
388 832 582 906 ὀρθῆς.

302 922 646 996 Ἐπεζεύχθω
687 922 721 995 ἡ
762 930 892 995 ΑΕ,
932 924 1024 979 καὶ
1066 923 1284 996 διήχθω
1324 921 1359 995 ἡ
1399 930 1511 980 ΒΑ
1550 925 1638 980 ἐπὶ
1676 923 1738 980 τὸ
1782 930 1841 981 Ζ.

309 1012 426 1068 Καὶ
481 1013 598 1068 ἐπεὶ
652 1019 744 1083 ἴση
793 1013 944 1068 ἐστὶν
991 1010 1026 1083 ἡ
1066 1018 1176 1067 ΒΕ
1209 1016 1275 1084 τῇ
1318 1019 1458 1084 ΕΑ,
1516 1019 1608 1084 ἴση
1650 1014 1765 1070 ἐστὶ
1802 1013 1896 1069 καὶ

196 1106 374 1173 γωνία
428 1099 462 1173 ἡ
510 1098 620 1157 ὑπὸ
661 1107 834 1157 ΑΒΕ
876 1105 942 1174 τῇ
982 1099 1093 1157 ὑπὸ
1133 1107 1315 1157 ΒΑΕ.
1393 1101 1589 1173 πάλιν,
1646 1101 1762 1157 ἐπεὶ
1803 1107 1895 1172 ἴση

197 1190 348 1247 ἐστὶν
403 1188 437 1262 ἡ
477 1195 586 1245 ΓΕ
636 1193 701 1263 τῇ
750 1196 888 1261 ΕΑ,
937 1197 1029 1261 ἴση
1080 1189 1194 1246 ἐστὶ
1239 1190 1332 1245 καὶ
1382 1187 1416 1261 ἡ
1457 1187 1566 1246 ὑπὸ
1617 1194 1787 1245 ΑΓΕ
1829 1193 1895 1262 τῇ

196 1277 306 1335 ὑπὸ
331 1284 513 1335 ΓΑΕ·
555 1277 658 1350 ὅλη
699 1278 808 1352 ἄρα
847 1276 881 1350 ἡ
921 1276 1031 1335 ὑπὸ
1055 1283 1228 1335 ΒΑΓ
1249 1279 1379 1334 δυσὶ
1417 1291 1538 1345 ταῖς
1574 1275 1684 1334 ὑπὸ
1711 1283 1896 1348 ΑΒΓ,

198 1373 363 1423 ΑΓΒ
412 1374 503 1439 ἴση
555 1369 720 1423 ἐστίν.
784 1367 899 1423 ἐστὶ
940 1366 1003 1423 δὲ
1040 1367 1133 1423 καὶ
1172 1365 1206 1438 ἡ
1246 1365 1356 1423 ὑπὸ
1400 1373 1570 1424 ΖΑΓ
1602 1364 1757 1433 ἐκτὸς
1793 1370 1896 1422 τοῦ

197 1461 369 1511 ΑΒΓ
408 1455 690 1527 τριγώνου
738 1456 866 1512 δυσὶ
906 1468 1027 1522 ταῖς
1064 1453 1174 1511 ὑπὸ
1214 1460 1407 1526 ΑΒΓ,
1463 1461 1628 1511 ΑΓΒ
1667 1458 1898 1526 γωνίαις

199 1551 318 1615 ἴση·
376 1551 467 1615 ἴση
516 1542 626 1616 ἄρα
676 1545 769 1600 καὶ
808 1542 842 1617 ἡ
885 1542 995 1601 ὑπὸ
1029 1549 1202 1600 ΒΑΓ
1232 1549 1411 1616 γωνία
1449 1547 1514 1618 τῇ
1554 1541 1664 1600 ὑπὸ
1705 1548 1897 1599 ΖΑΓ·

200 1631 349 1706 ὀρθὴ
406 1631 516 1705 ἄρα
571 1634 832 1705 ἑκατέρα·
902 1631 936 1705 ἡ
993 1632 1103 1705 ἄρα
1152 1635 1212 1690 ἐν
1257 1636 1333 1709 τῷ
1374 1637 1548 1688 ΒΑΓ
1591 1629 1896 1709 ἡμικυκλίῳ

200 1726 378 1793 γωνία
418 1719 451 1793 ἡ
493 1719 602 1778 ὑπὸ
636 1727 810 1778 ΒΑΓ
842 1721 990 1794 ὀρθή
1032 1724 1196 1778 ἐστιν.

313 1811 429 1867 Καὶ
481 1811 597 1867 ἐπεὶ
635 1813 739 1866 τοῦ
777 1816 951 1866 ΑΒΓ
982 1815 1263 1882 τρίγωνον
1302 1810 1409 1867 δύο
1449 1814 1650 1882 γωνίαι
1690 1813 1752 1865 αἴ
1786 1807 1897 1866 ὑπὸ

201 1905 392 1971 ΑΒΓ,
441 1905 615 1955 ΒΑΓ
647 1898 752 1955 δύο
793 1897 989 1971 ὀρθῶν
1030 1899 1318 1965 ἐλάττονές
1357 1902 1525 1970 εἰσιν,
1571 1896 1719 1970 ὀρθὴ
1762 1897 1824 1954 δὲ
1863 1894 1898 1968 ἡ

200 1987 308 2044 ὑπὸ
359 1993 550 2059 ΒΑΓ,
607 1988 850 2044 ἐλάττων
901 1987 1011 2060 ἄρα
1066 1986 1245 2060 ὀρθῆς
1299 1989 1448 2043 ἐστιν
1495 1985 1530 2058 ἡ
1577 1985 1688 2043 ὑπὸ
1733 1991 1907 2042 ΑΒΓ

200 2082 402 2148 γωνία·
442 2081 541 2132 καί
575 2078 725 2132 ἐστιν
765 2078 826 2132 ἐν
865 2080 941 2153 τῷ
974 2081 1148 2132 ΑΒΓ
1177 2080 1385 2147 μείζονι
1425 2078 1528 2132 τοῦ
1567 2073 1900 2147 ἡμικυκλίου

202 2187 233 2220 τ
354 2188 456 2221 ατι.

235 2187 428 2310 μημΙιζαὶ
469 2254 585 2310 ἐπεὶ
625 2256 686 2310 ἐν
726 2253 910 2329 κύκλῳ
950 2252 1360 2326 τετράπλευρόν
1400 2254 1514 2309 ἐστι
1552 2250 1616 2308 τὸ
1656 2256 1898 2323 ΑΒΓΔ,

324 2422 364 2461 1.
399 2414 537 2476 ἔστω]
572 2417 691 2474 (alt.)
718 2431 807 2462 om.
826 2416 881 2461 V.
975 2422 1015 2461 2.
1049 2415 1164 2462 Post
1194 2414 1248 2461 δέ
1280 2415 1387 2463 add.
1423 2412 1572 2460 αὐτοῦ
1605 2429 1666 2458 m.
1699 2428 1790 2459 rec.
1816 2415 1870 2471 Ρ.4

201 2476 264 2535 Ε]
299 2490 440 2533 supra
471 2476 592 2521 hanc
623 2475 715 2522 lite.
750 2489 866 2522 eras,
902 2478 946 2520 Γ
971 2475 1035 2532 V3
1079 2490 1174 2533 seq.
1207 2475 1258 2519 in
1288 2475 1348 2520 F:
1382 2474 1463 2519 καὶ
1496 2477 1574 2531 (m.
1603 2476 1648 2531 1)
1681 2469 1898 2530 εἰλήφθω

203 2531 282 2580 ἐπὶ
313 2537 395 2592 τῆς
425 2536 731 2592 περιφερείας
763 2535 830 2592 (in
860 2549 949 2581 ras.
975 2551 1036 2582 m.
1055 2536 1100 2591 2)
1136 2533 1223 2578 δύο
1254 2531 1458 2591 τυχόντα
1490 2538 1658 2591 σημεῖα
1688 2528 1746 2576 τὰ
1778 2535 1831 2587 A,
1856 2535 1899 2575 A

203 2594 270 2649 (in
294 2610 387 2653 mg.
413 2594 584 2639 transit
606 2610 667 2639 m.
691 2597 753 2651 1);
787 2594 950 2639 eadem
982 2594 1140 2639 omnia,
1169 2593 1208 2636 B
1239 2609 1334 2651 mg.
1366 2608 1427 2637 m.
1452 2607 1543 2638 rec.
1629 2592 1716 2636 καί
1724 2591 1897 2650 -ΒΑ]

201 2653 250 2698 in
281 2669 375 2726 ΜΞ·
407 2653 670 2757 ΨΜΡΒΞἯἾ·
683 2659 706 2697 ¹
721 2654 785 2756 1¹31
826 2659 919 2758 013·
950 2654 1313 2769 ἕιξέοῇᾍῗᾷ]
1340 2670 1390 2769 3⁹²
1424 2651 1900 2768 ⁸0‘1f3022}}{;:¹]¹³5¹2‚52

200 2719 370 2818 inita?-
400 2729 615 2826 ἵῖπὲοοοη.
650 2714 706 2817 e]x
737 2748 914 2829 μἐίζων·
939 2787 1000 2816 m.
1026 2776 1052 2815 2
1085 2770 1137 2816 Β.
1246 2777 1285 2817 6.
1310 2727 1477 2828 ΙΑΒΓ]
1513 2746 1548 2813 Β
1572 2726 1629 2813 (ibn
1659 2783 1748 2814 ras.
1781 2768 1835 2813 V.

205 2835 244 2876 7.
277 2828 307 2888 ἡ
340 2827 436 2876 ὑπὸ
467 2832 633 2890 ΑΔΓ]
668 2845 758 2876 om.
791 2847 843 2888 p3
876 2846 970 2889 mg.
1002 2847 1063 2875 m.
1095 2844 1184 2875 rec.
1218 2829 1270 2873 Β.
1396 2834 1464 2874 10.
1500 2826 1623 2887 ἔστί]
1660 2826 1784 2873 ἐστίν
1815 2826 1866 2874 Ρ.

206 2894 274 2935 11.
308 2890 465 2950 ABE]
498 2889 547 2945 P,
580 2891 616 2936 F
648 2906 709 2937 m.
738 2896 785 2946 1,
818 2891 860 2936 V
891 2906 952 2934 m.
980 2895 1027 2945 13
1061 2892 1193 2934 EAB
1223 2888 1317 2947 Bp,
1349 2888 1386 2932 F
1415 2904 1476 2933 m.
1503 2894 1545 2944 2,
1575 2888 1619 2932 V
1649 2901 1709 2934 m.
1736 2892 1777 2930 2.
