1956 3074
206 73 315 126 258
839 74 1177 117 ΣΤοΙΧΕΙΩΝ
1207 67 1270 130 γ’.

210 213 410 263 μενον
459 189 886 265 ὀρθογώνιον
936 198 1084 247 ἴσον
1133 191 1268 247 ἐστὶ
1315 195 1398 268 τῷ
1447 189 1570 247 ὑπὸ
1617 195 1746 247 τῶν
1793 194 1904 263 τῆς

207 281 432 352 ἑτέρας
469 280 820 359 τμημάτων
858 280 1305 358 περιεχομένῳ
1347 278 1756 355 ὀρθογωνίῳ.

315 368 409 424 Ἐν
459 367 566 441 γὰρ
605 368 790 449 κύκλῳ
829 373 904 445 τῷ
952 374 1179 424 ΑΒΓΔ
1235 368 1341 425 δύο
1397 366 1615 425 εὐθεῖαι
1669 370 1731 423 αἱ
1781 373 1906 439 ΑΓ,

206 465 321 514 ΒΔ
366 459 716 530 τεμνέτωσαν
763 455 1009 529 ἀλλήλας
1055 455 1193 512 κατὰ
1242 455 1304 513 τὸ
1347 464 1400 513 Ε
1436 469 1688 529 σημεῖον·
1744 457 1906 527 λέγω,

149 559 177 600 5
209 545 297 603 ὅτι
342 546 405 603 τὸ
453 545 564 603 ὑπὸ
611 550 727 603 τῶν
768 552 905 617 ΑΕ,
947 550 1061 601 ΕΓ
1098 544 1498 618 περιεχόμενον
1547 543 1906 618 ὀρθογώνιον

211 642 339 691 ἴσον
389 635 500 690 ἐστὶ
549 637 624 709 τῷ
672 632 781 691 ὑπὸ
831 637 945 691 τῶν
986 641 1124 704 ΔΕ,
1164 640 1271 690 ΕΒ
1317 635 1687 709 περιεχομένῳ
1738 630 1906 707 ὀρθο-

205 729 409 800 γωνίῳ.

319 815 394 867 Εἰ
442 811 544 884 μὲν
597 804 702 868 οὖν
754 813 816 866 αἱ
851 816 979 882 ΑΓ,
1021 817 1134 866 ΒΔ
1189 809 1284 867 διὰ
1334 814 1436 867 τοῦ
1486 812 1721 884 κέντρου
1761 811 1905 868 εἰσὶν

208 899 349 958 ὥστε
394 899 458 958 τὸ
501 907 554 957 Ε
588 901 822 973 κέντρον
870 898 1014 957 εἶναι
1051 902 1154 956 τοῦ
1194 905 1417 955 ΑΒΓΔ
1454 899 1691 972 κύκλου,
1739 922 1907 972 φανε-

120 1004 176 1044 10
207 988 331 1062 ρόν,
387 987 473 1046 ὅτι
513 995 654 1044 ἴσων
693 987 883 1045 οὐσῶν
921 992 1034 1045 τῶν
1074 995 1210 1059 ΑΕ,
1244 994 1364 1059 ΕΓ,
1399 995 1537 1060 ΔΕ,
1571 995 1674 1045 ΕΒ
1713 989 1806 1044 καὶ
1844 987 1906 1045 τὸ

206 1076 316 1135 ὑπὸ
357 1082 471 1135 τῶν
495 1085 631 1149 ΑΕ,
658 1083 768 1134 ΕΓ
798 1077 1196 1150 περιεχόμενον
1235 1075 1596 1150 ὀρθογώνιον
1636 1084 1762 1134 ἴσον
1796 1078 1909 1134 ἐστὶ

208 1166 283 1245 τῷ
324 1166 434 1224 ὑπὸ
475 1171 588 1224 τῶν
629 1173 768 1238 ΔΕ,
810 1173 914 1223 ΕΒ
962 1167 1334 1242 περιεχομένῳ
1376 1164 1728 1242 ὀρθογωνίῳ.

323 1255 423 1329 Μὴ
466 1261 714 1312 ἔστωσαν
755 1254 824 1327 δὴ
867 1257 929 1310 αἱ
958 1259 1084 1326 ΑΓ,
1111 1261 1221 1310 ΔΒ
1262 1253 1356 1310 διὰ
1390 1258 1494 1311 τοῦ
1524 1255 1777 1328 κέντρου,
1817 1255 1907 1310 καὶ

213 1346 470 1419 εἰλήφθω
510 1344 573 1402 τὸ
612 1345 846 1416 κέντρον
886 1347 988 1400 τοῦ
1015 1347 1256 1413 ΑΒΓΔ,
1295 1343 1390 1398 καὶ
1430 1347 1578 1399 ἔστω
1607 1342 1669 1399 τὸ
1713 1350 1776 1414 Ζ,
1815 1343 1908 1399 καὶ

125 1448 180 1489 15
213 1434 320 1493 ἀπὸ
361 1438 463 1492 τοῦ
497 1441 542 1490 Ζ
583 1434 669 1491 ἐπὶ
701 1433 800 1500 τὰς
826 1442 878 1489 A
888 1438 951 1504 Γ,
978 1439 1089 1489 ΔΒ
1122 1429 1347 1499 εὐθείας
1377 1431 1608 1489 κάθετοι
1640 1430 1912 1503 ἤχθωσαν

210 1528 272 1582 αἱ
310 1530 447 1595 ΖΗ,
490 1529 609 1593 ΖΘ,
648 1523 741 1578 καὶ
782 1521 1204 1594 ἐπεζεύχθωσαν
1243 1524 1304 1577 αἰ
1343 1527 1471 1592 ΖΒ,
1512 1525 1632 1591 ΖΓ,
1672 1526 1790 1575 ΖΕ.

323 1614 436 1669 Καὶ
484 1613 599 1669 ἐπεὶ
648 1610 845 1669 εὐθεῖά
892 1633 973 1677 τις
1021 1609 1115 1666 διὰ
1162 1614 1263 1667 τοῦ
1310 1611 1546 1683 κέντρου
1593 1606 1628 1681 ἡ
1669 1614 1781 1664 ΗΖ
1822 1605 1910 1664 εὐ-

210 1702 377 1759 θεῖάν
424 1723 549 1758 τινα
596 1701 670 1773 μὴ
714 1699 807 1757 διὰ
847 1703 949 1756 τοῦ
988 1701 1224 1771 κέντρου
1262 1698 1365 1772 τὴν
1405 1704 1521 1755 ΑΓ
1552 1696 1692 1772 πρὸς
1732 1695 1912 1771 ὀρθὰς

210 1793 414 1864 τέμνει,
453 1790 545 1846 καὶ
586 1794 714 1863 δίχα
754 1787 932 1861 αὐτὴν
971 1790 1176 1861 τέμνει·
1218 1797 1309 1860 ἴση
1343 1787 1453 1861 ἄρα
1485 1785 1520 1859 ἡ
1547 1792 1672 1843 ΑΗ
1694 1789 1761 1860 τῇ
1784 1790 1911 1842 ΗΓ.

127 1894 183 1934 20
216 1880 331 1937 ἐπεὶ
372 1873 476 1936 οὖν
517 1879 712 1936 εὐθεῖα
760 1877 794 1950 ἡ
836 1883 951 1934 ΑΓ
982 1879 1239 1949 τέτμηται
1279 1881 1356 1943 εἰς
1395 1876 1497 1948 μὲν
1538 1883 1632 1932 ἴσα
1670 1873 1807 1931 κατὰ
1848 1873 1911 1930 τὸ

211 1973 287 2039 Η,
328 1972 406 2034 εἰς
446 1968 508 2025 δὲ
548 1967 715 2024 ἄνισα
755 1965 892 2023 κατὰ
932 1965 993 2023 τὸ
1021 1973 1087 2037 Ε,
1127 1964 1190 2022 τὸ
1231 1964 1340 2037 ἄρα
1380 1963 1490 2021 ὑπὸ
1523 1968 1636 2021 τῶν
1661 1970 1790 2034 ΑΕ,
1811 1968 1922 2019 ΕΓ

211 2057 610 2130 περιεχόμενον
659 2054 1021 2127 ὀρθογώνιον
1068 2053 1202 2126 μετὰ
1251 2058 1352 2110 τοῦ
1394 2052 1503 2110 ἀπὸ
1544 2056 1640 2124 τῆς
1679 2058 1803 2108 ΕΗ
1832 2074 1912 2108 τε·

211 2145 508 2219 τραγώνου
556 2152 683 2200 ἴσον
723 2145 836 2199 ἐστὶ
875 2147 951 2220 τῷ
993 2141 1102 2199 ἀπὸ
1142 2146 1239 2214 τῆς
1277 2147 1416 2198 ΗΓ·
1459 2140 1701 2212 [κοινὸν]
1743 2157 1912 2214 προσ-

212 2241 422 2292 κείσθω
470 2234 531 2290 τὸ
582 2232 691 2289 ἀπὸ
739 2236 836 2304 τῆς
874 2238 1014 2287 ΗΖ·
1078 2231 1141 2288 τὸ
1189 2230 1299 2304 ἄρα
1339 2229 1447 2287 ὑπὸ
1489 2235 1603 2287 τῶν
1642 2236 1771 2299 ΑΕ,
1810 2234 1922 2285 ΕΓ

124 2337 180 2377 25
214 2323 348 2397 μετὰ
390 2327 502 2379 τῶν
544 2320 651 2379 ἀπὸ
692 2326 804 2378 τῶν
844 2328 978 2393 ΗΕ,
1019 2327 1132 2377 ΗΖ
1173 2328 1299 2377 ἴσον
1340 2321 1454 2377 ἐστὶ
1494 2331 1610 2386 τοῖς
1650 2316 1756 2374 ἀπὸ
1799 2321 1912 2374 τῶν

214 2419 345 2485 ΓΗ,
384 2418 513 2469 ΗΖ.
591 2409 732 2466 ἄλλα
787 2422 904 2475 τοῖς
958 2410 1060 2481 μὲν
1115 2407 1223 2466 ἀπὸ
1277 2413 1390 2466 τῶν
1432 2414 1571 2478 ΕΗ,
1624 2413 1736 2463 ΗΖ
1786 2413 1912 2462 ἴσον

216 2503 329 2559 ἐστὶ
369 2501 431 2558 τὸ
476 2499 585 2557 ἀπὸ
625 2504 722 2572 τῆς
762 2506 883 2571 ΖΕ,
923 2511 1041 2565 τοῖς
1081 2498 1143 2554 δὲ
1183 2496 1292 2555 ἀπὸ
1326 2501 1440 2554 τῶν
1472 2502 1603 2568 ΓΗ,
1643 2502 1755 2551 ΗΖ
1789 2503 1914 2551 ἴσον

337 2641 377 2681 3.
411 2632 520 2693 γάρ]
555 2631 646 2691 γὰρ
679 2634 741 2690 τῷ
776 2633 964 2690 BFVp.
1028 2632 1256 2690 ΑΓ,ΒΔ]
1289 2631 1381 2677 litt.
1404 2633 1508 2685 Γ,Β
1540 2630 1819 2674 inras.m.2
1845 2627 1914 2682 V3

217 2698 378 2751 Γ,ΒΔ
408 2695 459 2739 in
489 2708 578 2740 ras.
610 2709 670 2737 m.
702 2698 725 2737 1
758 2692 815 2747 Β,
851 2696 1059 2747 ΑΓ,ΔΒ
1091 2691 1140 2735 F.
1236 2697 1275 2736 6.
1309 2690 1423 2749 τῶν]
1457 2704 1547 2734 om.
1580 2690 1630 2734 P.
1725 2692 1765 2733 8.
1800 2687 1909 2757 BA]

217 2758 305 2800 AB
336 2755 386 2799 F.
496 2752 634 2811 εἰσίν]
668 2745 781 2797 ὦσιν
813 2751 867 2796 V.
979 2755 1046 2795 10.
1082 2751 1200 2809 ΕΓ]
1231 2749 1282 2794 in
1311 2763 1402 2794 ras,
1434 2755 1494 2793 m.
1523 2754 1548 2793 2
1579 2747 1637 2793 V.
1749 2752 1816 2791 13.
1851 2763 1913 2804 μη
1954 2767 1956 2787 1

218 2811 426 2859 ἔστωσαν
459 2809 539 2871 δή]
571 2813 621 2867 P,
639 2811 675 2854 F
700 2814 810 2868 (mg.
829 2827 888 2855 m.
908 2815 955 2854 2:
989 2827 1057 2867 γρ.
1087 2808 1292 2854 ἔστωσαν
1318 2805 1420 2866 ὃή);
1454 2807 1660 2853 ἔστωσαν
1685 2803 1744 2863 δή
1769 2805 1910 2863 BVp.
1955 2839 1956 2843 η

277 2876 378 2927 ΑΓ,
399 2872 507 2930 ΔΒ]
539 2871 630 2916 litt.
660 2874 712 2927 Γ,
738 2873 825 2915 ΔΒ
857 2870 907 2914 in
936 2883 1025 2914 ras.
1060 2884 1120 2914 m.
1146 2873 1172 2913 2
1204 2869 1260 2913 V.
1384 2865 1486 2926 διά]
1519 2867 1614 2923 PF,
1646 2866 1689 2911 V
1720 2880 1780 2910 m.
1811 2870 1850 2921 1,
1882 2880 1914 2922 p
