1956 3074
200 91 309 147 286
846 93 1179 138 ΣΤΟΙΧΕῙΩΝ
1209 90 1278 139 δ’.

299 210 481 268 ’Ἐστω
522 211 556 284 ἡ
597 214 791 279 δοθεὶς
828 213 1032 278 κύκλος
1070 211 1099 269 ὃ
1142 219 1394 269 ΑΒΓΔ·
1443 218 1533 270 δεῖ
1568 213 1638 287 δὴ
1679 219 1758 282 εἰς
1794 215 1895 271 τὸν

201 307 426 357 ΑΒΓΔ
461 300 670 358 κύκλον
709 301 1061 375 τετράγωνον
1101 303 1391 377 ἐγγράψαι.

300 388 609 463 ’Ήχθωσαν
648 394 751 447 τοῦ
789 396 1015 447 ΑΒΓΔ
1042 391 1255 448 κύκλου
1294 391 1399 449 δύο
1433 392 1720 464 διάμετροι
1756 392 1897 466 πρὸς

202 474 382 548 ὀρθὰς
421 477 686 551 ἀλλήλαις
711 484 772 535 αἱ
793 489 845 535 Α
855 486 918 551 Γ,
953 487 1083 550 ΒΔ,
1115 482 1208 536 καὶ
1234 481 1652 553 ἐπεζεύχθωσαν
1677 485 1740 537 αἰ
1761 489 1813 537 Α
1821 488 1895 552 Β,

142 579 168 618 5
201 571 321 636 BF,
361 572 482 638 ΓΛ,
526 575 657 624 ΛΑ.

311 656 425 711 Καὶ
482 657 596 712 ἐπεὶ
644 664 735 728 ἴση
784 659 934 714 ἐστὶν
973 656 1007 729 ἡ
1049 663 1160 713 ΒΕ
1194 661 1259 730 τῇ
1301 664 1443 713 ΕΔ·
1510 660 1745 732 κέντρον
1784 658 1891 731 γὰρ

198 742 261 799 τὸ
304 750 380 799 Ε·
450 743 612 816 κοινὴ
661 743 724 800 δὲ
769 745 860 801 καὶ
907 745 1046 818 πρὸς
1092 743 1271 818 ὀρθὰς
1318 744 1351 818 ἡ
1395 753 1526 817 ΕΑ,
1581 745 1744 817 βάσις
1782 745 1894 820 ἄρα

199 829 234 902 ἡ
273 838 383 887 ΑΒ
422 831 582 903 βάσει
624 836 691 906 τῇ
731 840 849 889 ΑΔ
889 841 980 905 ἴση
1023 837 1188 891 ἐστίν.
1266 834 1359 890 διὰ
1399 834 1467 890 τὰ
1507 834 1649 891 αὐτὰ
1690 835 1759 907 δὴ
1800 836 1894 891 καὶ

199 920 428 994 ἑκατέρα
458 924 571 977 τῶν
597 927 716 993 ΒΓ,
756 927 862 978 ΓΔ
894 923 1122 997 ἑκατέρᾳ
1151 927 1266 979 τῶν
1291 930 1418 994 ΑΒ,
1450 930 1568 979 ΑΔ
1601 932 1691 996 ἴση
1720 926 1893 980 ἐστίν·

33 1061 35 1063 ,
111 1020 167 1060 10
200 1007 535 1081 ἰσόπλευρον
587 1009 697 1083 ἄρα
737 1011 851 1066 ἐστὶ
888 1009 950 1066 τὸ
991 1016 1214 1067 ΑΒΓΔ
1252 1011 1671 1086 τετράπλευρον.
1748 1014 1889 1084 λέγω

198 1096 288 1168 δή,
330 1096 415 1153 ὅτι
454 1097 546 1153 καὶ
587 1096 960 1170 ὀρθογώνιον.
1008 1099 1124 1154 ἐπεὶ
1162 1098 1269 1173 γὰρ
1309 1098 1344 1171 ἡ
1386 1107 1498 1156 ΒΔ
1535 1099 1733 1157 εὐθεῖα
1772 1101 1892 1157 διά-

197 1185 395 1259 μετρός
434 1188 548 1241 ἐστι
585 1189 688 1242 τοῦ
727 1192 949 1242 ΑΒΓΔ
986 1187 1213 1260 κύκλου,
1258 1187 1589 1260 ἡμικύκλιον
1628 1188 1738 1262 ἄρα
1777 1190 1892 1246 ἐστὶ

196 1273 259 1330 τὸ
299 1281 501 1330 ΒΑΔ·
575 1274 722 1349 ὀρθὴ
778 1274 889 1349 ἄρα
941 1274 976 1347 ἡ
1031 1274 1139 1332 ὑπὸ
1188 1283 1364 1332 ΒΑΔ
1408 1282 1600 1348 γωνία.
1678 1277 1771 1334 διὰ
1825 1278 1888 1334 τὰ

198 1361 338 1419 αὐτὰ
379 1362 449 1434 δὴ
488 1364 581 1418 καὶ
614 1363 813 1436 ἑκάστη
845 1368 959 1420 τῶν
991 1362 1099 1420 ὑπὸ
1126 1371 1309 1437 ΑΒΓ,
1334 1370 1512 1429 ΒΓΔ,
1545 1370 1710 1422 ΓΔΑ
1742 1364 1891 1439 ὀρθή

110 1462 163 1502 15
197 1453 375 1508 ἐστιν·
418 1450 778 1524 ὀρθογώνιον
816 1452 926 1523 ἄρα
966 1454 1080 1509 ἐστὶ
1119 1452 1181 1509 τὸ
1215 1459 1438 1509 ΑΒΓΔ
1467 1454 1893 1527 τετράπλευρον.

197 1542 424 1613 ἐδείχθη
473 1540 535 1596 δὲ
580 1541 672 1596 καὶ
722 1541 1089 1615 ἰσόπλευρον·
1158 1542 1509 1615 τετράγωνον
1560 1541 1669 1614 ἄρα
1726 1546 1892 1599 ἐστίν.

195 1629 288 1684 καὶ
329 1630 692 1703 ἐγγέγραπται
732 1633 811 1695 εἰς
848 1628 949 1686 τὸν
988 1635 1212 1686 ΑΒΓΔ
1250 1629 1475 1687 κύκλον.

308 1721 410 1784 Εἰς
441 1716 550 1791 ἄρα
580 1717 681 1774 τὸν
706 1720 952 1776 δοθέντα
975 1718 1184 1776 κύκλον
1208 1719 1561 1792 τετράγωνον
1594 1719 1898 1793 ἐγγέγραπ-’

195 1827 286 1861 ται
325 1805 388 1862 τὸ
431 1811 682 1862 ΑΒΓΔ·
725 1805 860 1879 ὅπερ
901 1811 1014 1864 ἔδει
1052 1812 1297 1880 ποιῆσαι.
1473 1822 1478 1827 “

106 1966 163 2006 20
1016 1955 1076 2023 ζ’.

308 2058 476 2128 Περὶ
514 2055 630 2113 τὸν
664 2059 955 2114 δοθέντα
985 2057 1225 2114 κύκλον
1256 2058 1675 2130 τετράγωνον
1706 2079 1889 2130 περι-

194 2144 460 2218 γράψαα

291 2231 473 2288 ’Έστω
514 2231 543 2289 ὁ
586 2235 778 2300 δοθεὶς
816 2233 1018 2300 κύκλος
1057 2232 1087 2290 ὁ
1128 2240 1372 2290 ΑΒΓΔ·
1414 2238 1502 2291 δεῖ
1530 2234 1599 2307 δὴ
1633 2237 1758 2309 περὶ
1788 2234 1888 2291 τὸν

194 2326 419 2376 ΑΒΓΔ
455 2321 664 2377 κύκλον
700 2322 1054 2396 τετράγωνον
1093 2323 1449 2397 περιγράψαι.

104 2422 161 2463 25
291 2407 601 2482 ’Ήχθωσαν
638 2414 741 2466 τοῦ
784 2417 1006 2467 ΑΒΓΔ
1036 2411 1246 2468 κύκλου
1286 2413 1389 2468 δύο
1430 2411 1716 2485 διάμετροι
1749 2413 1889 2485 πρὸς

195 2496 376 2571 ὀρθὰς
413 2497 679 2571 ἀλλήλαις
719 2503 780 2555 αἱ
808 2505 932 2571 ΑΓ,
965 2506 1094 2570 ΒΔ,
1133 2502 1226 2556 καὶ
1266 2499 1360 2556 διὰ
1390 2505 1504 2558 τῶν
1536 2509 1606 2572 Α,
1632 2507 1698 2572 Β,
1730 2507 1794 2571 Γ,
1832 2508 1887 2557 Δ

312 2652 354 2691 3.
386 2641 415 2703 ἢ
448 2643 674 2704 ἤχθωσαν
704 2664 749 2705 p.
895 2648 999 2706 τοῦ]
1033 2645 1121 2705 γὰρ
1153 2649 1238 2693 τοῦ
1270 2649 1370 2706 Bp;
1403 2647 1471 2699 εἰς
1500 2644 1584 2692 τόν
1614 2649 1663 2693 F.
1801 2646 1884 2693 κύ·

193 2708 304 2749 κλον
336 2704 387 2750 F.
508 2702 616 2764 δύο]
652 2721 741 2753 0111.
775 2706 917 2764 BVp.
1040 2712 1081 2753 5.
1115 2708 1224 2766 ΔΑ]
1258 2721 1373 2752 corr.
1407 2721 1464 2751 ex
1498 2711 1573 2751 ΓΑ
1604 2722 1664 2753 111.
1694 2711 1716 2750 1
1749 2707 1799 2752 F.

195 2768 233 2808 7.
267 2759 382 2823 ἄρα]
415 2778 504 2810 0111.
538 2764 630 2823 Bp.
775 2771 815 2811 8.
851 2763 996 2824 ἐστίν]
1030 2766 1087 2820 F;
1122 2781 1272 2823 comp.
1303 2781 1356 2823 p;
1390 2762 1492 2810 ἐστι’
1517 2765 1666 2811 PVB.
1814 2771 1882 2810 10.

193 2817 318 2866 ἐστίν
349 2824 401 2876 Ρ,
435 2837 583 2882 comp.
617 2840 663 2882 p.
782 2831 849 2870 12.
886 2821 1008 2883 ἔστί]
1044 2821 1169 2870 ἐστίν
1200 2827 1248 2871 Ρ.
1376 2830 1444 2870 13.
1477 2826 1626 2882 γωνία
1679 2839 1740 2871 111.
1766 2829 1795 2869 2
1825 2825 1881 2870 V.

194 2886 263 2927 16.
299 2877 446 2941 ἐστίν]
478 2882 528 2939 Ρ,
561 2897 710 2941 comp.
743 2899 796 2941 p3
831 2881 933 2930 ἐστι’
959 2884 1104 2928 BFV.
1251 2889 1320 2929 18.
1355 2880 1469 2942 ἄρα]
1502 2898 1590 2930 om.
1670 2920 1680 2929 .
1803 2884 1884 2928 δο-
