1956 3074
535 85 994 128 ELEMENTORUM
1025 85 1207 125 LIBER
1237 85 1272 127 1.
1681 81 1747 132 61

815 201 986 256 XXV.

161 306 220 360 Si
273 306 377 359 duo
418 304 683 374 trianguli
722 304 827 357 duo
876 305 1051 356 latera
1097 303 1305 356 duobus
1354 303 1615 357 lateribus
1665 323 1749 357 ae-

51 395 233 467 qualia
278 394 486 446 habent
534 394 765 445 alterum
806 392 986 460 alteri,
1035 391 1213 444 basim
1253 393 1435 444 autem
1474 392 1595 444 basi
1641 411 1749 445 ma-

52 486 220 538 iorem
260 482 479 550 habenss,
520 481 684 535 etiam
709 481 1035 551 angulorum
1066 480 1229 533 rectis
1263 479 1574 550 aequalibus
1607 499 1750 535 eom-

53 571 442 644 prehensorum
482 570 711 623 alterum
755 571 926 623 albero
967 570 1230 622 maiorem
1269 568 1562 622 habebunt.

757 657 880 711 Sint
919 659 1024 712 duo
1065 658 1330 728 trianguli
1367 661 1547 727 ΑΒΓ,
1581 662 1751 711 ΔΕΖ

67 674 557 966 sp
682 748 786 800 duo
842 749 1015 800 latera
1058 750 1179 814 AB,
1218 748 1332 798 ΑΓ
1365 746 1572 800 duobus
1620 747 1752 800 late·
1796 792 1801 796 .

542 806 605 853 Γ
681 835 832 888 ribus
875 839 1004 903 AE,
1046 838 1158 887 AZ
1198 835 1446 904 aequalia
1488 835 1750 889 habentes

62 969 118 1015 B
683 925 912 976 alterum
953 924 1134 992 alteri,
1176 927 1283 976 AB
1312 949 1380 966 =
1409 927 1525 976 ΔΕ
1562 927 1615 975 et

1032 1014 1149 1064 ΑΓ
1167 1037 1235 1055 =
1264 1015 1397 1080 ΛΖ,

99 1098 163 1147 Ε
790 1101 799 1110 .
1378 1101 1388 1110 .

560 1101 598 1149 Ζ
683 1102 830 1154 basls
886 1104 1068 1153 autem
1116 1103 1229 1153 ΒΓ
1283 1118 1456 1154 malor
1489 1101 1584 1153 'sit
1635 1101 1756 1154 basi

14 1169 176 1247 'EZ.
255 1193 395 1262 dieo,
445 1192 609 1245 eidam
650 1208 765 1243 esse
806 1192 1320 1251 ΛΒΑΓ>ΕΛΖ.

169 1299 298 1334 nam
339 1281 385 1334 si
425 1281 619 1349 minuS,
659 1282 754 1332 aut
794 1279 1035 1349 aequalis
1076 1278 1124 1331 ei
1157 1280 1251 1331 aut
1282 1278 1461 1331 minor
1492 1280 1591 1331 est.
1646 1278 1756 1332 iam

61 1388 168 1423 non
209 1373 294 1423 est
337 1372 653 1432 LBAF=
679 1370 865 1421 EAZ.
916 1370 1033 1419 tum
1074 1367 1219 1419 enim
1260 1370 1405 1420 esset
1443 1369 1757 1420 BF=EZ

62 1461 235 1528 [prop.
259 1457 379 1524 IV].
406 1458 497 1510 sed
521 1476 632 1510 non
657 1460 754 1510 esta.
778 1456 964 1524 itaque
987 1474 1099 1509 non
1124 1458 1207 1508 est
1231 1461 1266 1518 L
1283 1458 1455 1509 ΒΑΓ
1475 1481 1544 1499 =
1570 1459 1685 1508 EA
1698 1459 1757 1510 Ζ.

57 1564 233 1615 neque
273 1564 402 1598 uero
444 1548 526 1598 est
565 1551 600 1608 l,
624 1547 873 1605 ΒΑΓ<
896 1547 1081 1598 ΕΛΖ.
1142 1547 1259 1598 tum
1300 1545 1444 1597 enim
1486 1547 1628 1598 esset

510 1637 621 1687 ΒΓ
637 1642 696 1693 <
719 1637 824 1686 ΕΖ
858 1635 1032 1702 [prop.
1071 1632 1294 1699 XXIV].

59 1722 153 1775 sed
192 1741 302 1776 non
342 1726 439 1776 est.
517 1723 698 1791 itaque
737 1741 847 1775 non
888 1726 972 1775 est
1011 1727 1046 1784 L
1071 1724 1319 1782 ΒΑΓ<
1342 1725 1526 1775 ΕΔΖ.
1579 1725 1633 1776 et
1669 1722 1759 1775 de-

58 1813 420 1864 monstratum
453 1815 549 1878 est,
589 1829 655 1863 ne
689 1811 970 1880 aequalem
1005 1810 1220 1879 quidem
1247 1828 1370 1864 eum
1411 1829 1541 1864 esse.
1594 1829 1759 1879 quare

647 1906 682 1962 L
707 1901 878 1952 ΒΑΓ
893 1907 951 1959 >
976 1903 1030 1951 Ε
1038 1903 1091 1951 Δ
1103 1903 1161 1951 Ζ.

174 2002 325 2074 Ergo
368 2003 414 2055 si
453 2004 558 2057 duo
599 2003 862 2073 trianguli
903 2003 1008 2056 duo
1048 2003 1223 2056 latera
1255 2002 1463 2056 duobus
1496 2003 1759 2056 lateribus

61 2091 311 2161 aequalia
349 2091 557 2145 habent
595 2092 827 2145 alterum
868 2091 1039 2160 alteri,
1079 2092 1257 2144 basim
1298 2094 1478 2145 autem
1504 2092 1621 2145 basi
1653 2111 1762 2144 ma·

63 2181 233 2234 iorem
265 2181 485 2249 habent,
517 2180 683 2234 ebiam
716 2181 1042 2251 angulorum
1074 2182 1236 2234 rectis
1271 2181 1591 2250 aequalibus
1618 2198 1758 2235 com-

63 2270 457 2338 prehensorum
498 2269 730 2322 alterum
771 2270 942 2323 altero
983 2271 1244 2324 maiorem
1275 2270 1578 2341 habebunt3
1619 2269 1763 2339 quod

66 2363 182 2411 erat
223 2358 724 2412 demonstrandum.

65 2512 171 2577 οὖν]
206 2533 294 2564 om.
327 2519 377 2586 F.
524 2522 661 2562 ΒΑΓ
688 2520 837 2575 ’γωνία
870 2519 965 2577 Vp.
1091 2524 1160 2564 15.
1193 2516 1221 2576 ἡ
1258 2517 1391 2579 βάσις
1421 2519 1526 2591 Pp.
1639 2516 1764 2563 ἔστιν

64 2578 114 2622 Ρ.
239 2583 308 2623 16.
341 2579 416 2633 ἴση
437 2573 514 2622 ἐστ
516 2578 612 2636 ι’]ι
595 2579 669 2634 ἴση
688 2536 830 2622 νέστίν
861 2578 970 2632 PV;
1006 2574 1131 2624 ἐστίν
1165 2580 1318 2649 ἵσηρ.
1440 2574 1469 2634 ἡ
1504 2573 1597 2622 ὑπὸ
1633 2581 1770 2622 ΒΑΓ

66 2637 213 2693 γωνία
245 2636 300 2682 V.
427 2642 496 2683 17.
531 2632 667 2696 οὐδέ]
702 2633 758 2682 οὐ
792 2637 847 2681 V.
973 2634 1200 2711 ἐλάσσων]
1238 2634 1347 2682 §zoin
1323 2654 1441 2681 πων
1473 2636 1703 2694 PBpr.

69 2700 136 2740 19.
171 2694 295 2740 ἔστιν
330 2697 379 2740 Ρ.
504 2694 599 2739 ἔστι
631 2695 707 2740 δέ·
742 2692 832 2741 οὐκ
863 2693 978 2755 ἄρα]
1014 2695 1090 2741 ἔτσ
1068 2714 1138 2741 tw
1153 2713 1161 2721 ·
1196 2713 1239 2740 οτ
1238 2694 1284 2740 ’κ
1317 2697 1367 2741 F.
1491 2701 1561 2740 20.
1588 2695 1766 2812 γωνία]

71 2768 159 2799 om.
194 2755 371 2813 BFbp.
496 2750 603 2799 οὐδ’
640 2756 775 2826 pr.
899 2761 969 2800 21.
1005 2759 1144 2800 ΒΑΓ
1170 2757 1320 2812 γωνία
1353 2756 1406 2799 V.
1525 2760 1579 2799 22
1629 2756 1742 2800 δυσί

64 2831 143 2857 τια
126 2819 166 2864 ῖς
199 2815 311 2859 δυσί
337 2814 441 2871 FV,
475 2831 551 2858 τια
535 2819 578 2866 ῖς
610 2811 697 2860 δύο
730 2815 779 2860 Ρ.
903 2820 973 2860 25.
1007 2814 1093 2871 τὴν
1067 2812 1548 2873 τιή-περιεχομένην]
1581 2829 1675 2872 mg.
1703 2830 1764 2858 m.

68 2877 90 2915 -1
126 2872 176 2918 P.
298 2870 404 2932 τὴν]
437 2874 492 2932 τῇ
528 2877 749 2931 sequente
783 2889 873 2920 ras.
910 2880 931 2919 1
968 2875 1058 2919 litt.
1085 2876 1134 2919 F.
