1956 3074
170 108 277 160 228
809 111 1145 155 ΣΤοΙΧΕῙΩΝ
1175 109 1238 167 γ’.

289 226 593 298 Τετμήσθω
632 225 741 300 γὰρ
782 225 815 298 ἡ
857 233 973 283 ΑΓ
1004 231 1131 300 δίχα
1168 227 1307 285 κατὰ
1347 230 1412 285 τὸ
1454 235 1535 300 Δ,
1573 230 1666 285 καὶ
1704 228 1864 303 ἤχθω

171 313 280 370 άπὸ
328 318 431 370 τοῦ
472 321 528 369 Δ
573 319 807 387 σημείου
854 319 922 389 τῇ
962 322 1076 372 ΑΓ
1107 316 1246 390 πρὸς
1286 316 1466 390 ὀρθὰς
1503 316 1538 389 ἡ
1581 325 1720 388 ΔΒ,
1774 319 1867 374 καὶ

171 402 477 475 ἐπεζεύχθω
518 402 552 475 ἡ
593 411 724 460 ΑΒ·
795 403 829 475 ἡ
876 403 986 461 ὑπὸ
1028 412 1205 461 ΑΒΔ
1257 410 1435 477 γωνία
1474 405 1583 480 ἄρα
1621 411 1720 478 τῆς
1756 405 1865 464 ὑπὸ

171 498 348 548 ΒΑΔ
384 491 510 564 ἤτοι
549 497 748 563 μείζων
789 494 941 549 ἐστὶν
980 490 1015 565 ἢ
1057 501 1147 565 ἴση
1188 491 1223 566 ἢ
1266 494 1522 551 ἐλάττων.

110 594 137 634 5
266 579 449 636 ’Ἑστω
503 581 779 654 πρότερον
826 587 1052 653 μείζων,
1106 582 1200 638 καὶ
1247 583 1565 640 συνεστάτω
1614 583 1753 657 πρὸς
1801 589 1866 658 τῇ

170 676 286 725 ΒΑ
333 667 533 745 εὐθείᾳ
578 671 670 726 καὶ
709 674 786 746 τῷ
818 669 974 777 πρὸς
1017 669 1156 744 αὐτῇ
1197 677 1405 748 σημείω
1445 677 1520 750 τῷ
1561 681 1615 728 Α
1651 677 1718 747 τῇ
1757 671 1867 729 ὑπὸ

171 765 349 814 ΑΒΔ
386 763 566 833 γωνίᾳ
605 766 696 830 ἴση
730 757 764 830 ἡ
804 757 915 815 ὑπὸ
957 766 1142 830 ΒΑΕ,
1175 760 1267 815 καὶ
1309 760 1527 867 διήχθω
1567 759 1602 833 ἡ
1637 768 1747 817 ΔΒ
1782 762 1869 818 ἐπὶ

169 846 232 904 τὸ
275 854 349 919 Ε,
395 849 488 904 καὶ
540 848 851 921 ἐπεζεύχθω
899 847 933 919 ἡ
984 854 1102 904 ΕΓ.
1179 850 1293 904 ἐπεὶ
1342 851 1447 906 οὐν
1495 857 1586 922 ἴση
1635 851 1785 907 ἐστὶν
1833 848 1867 923 ἡ

170 934 279 992 ὑπὸ
326 943 498 993 ΑΒΕ
540 942 720 1008 γωνία
757 940 822 1009 τῇ
861 935 972 993 ὑπὸ
1013 943 1210 1009 ΒΑΕ,
1267 944 1358 1010 ἴση
1400 961 1509 1011 αρα
1550 939 1663 994 ἐστὶ
1701 939 1794 993 καὶ
1834 937 1868 1010 ἡ

84 1039 140 1079 10
171 1031 277 1081 ΕΒ
318 1023 515 1081 εὐθεῖα
553 1029 619 1098 τῇ
654 1032 778 1081 ΕΑ.
816 1025 909 1080 καὶ
949 1026 1064 1081 ἐπεὶ
1105 1032 1197 1097 ἴση
1235 1026 1387 1082 ἐστὶν
1425 1024 1458 1098 ἡ
1493 1035 1610 1082 ΑΔ
1640 1030 1705 1100 τῇ
1742 1031 1868 1097 ΔΓ,

169 1113 332 1185 κοινὴ
367 1114 430 1170 δὲ
468 1111 502 1185 ἡ
545 1121 682 1185 ΔΕ,
725 1113 830 1170 δύο
872 1112 942 1185 δὴ
982 1116 1044 1168 αἰ
1079 1121 1224 1184 ΛΔ,
1266 1121 1382 1170 ΔΕ
1429 1115 1534 1170 δύο
1589 1126 1708 1181 ταῖς
1747 1121 1867 1186 ΓΔ,

173 1209 290 1259 ΔΕ
341 1209 457 1258 ἴσαι
512 1203 657 1258 εἰσὶν
704 1203 933 1275 ἑκατέρα
979 1203 1239 1277 ἑκατέρᾳ·
1317 1203 1410 1258 καὶ
1456 1208 1635 1274 γωνία
1681 1202 1715 1275 ἡ
1755 1202 1864 1260 ὑπὸ

173 1298 354 1348 ΑΔΕ
388 1297 568 1366 γωνίᾳ
606 1295 671 1365 νῇ
711 1289 822 1348 ὑπὸ
856 1296 1022 1347 ΓΔΕ
1051 1293 1201 1347 ἐστιν
1242 1299 1367 1363 ἴση*
1408 1290 1556 1365 ὀρθὴ
1596 1291 1703 1365 γὰρ
1745 1294 1867 1349 ἑκα-

173 1382 332 1452 τέρα·
375 1381 538 1452 βάσις
577 1379 687 1453 ἄρα
726 1378 760 1451 ἡ
802 1389 854 1435 A
866 1386 917 1435 E
951 1379 1112 1451 βάσει
1150 1384 1215 1452 τῇ
1248 1386 1360 1436 ΓΕ
1388 1383 1539 1437 ἐστιν
1579 1388 1688 1452 ἴση.
1726 1379 1870 1437 ἀλλὰ

89 1467 208 1541 15η
250 1476 366 1526 ΑΕ
407 1473 473 1543 τῇ
513 1476 625 1525 ΒΕ
668 1471 894 1541 ἐδείχθη
943 1475 1058 1540 ἴση·
1127 1469 1220 1524 καὶ
1267 1466 1301 1540 ἡ
1350 1475 1461 1525 ΒΕ
1496 1468 1607 1541 ἄρα
1653 1474 1718 1543 τῇ
1765 1475 1874 1526 ΓΕ

175 1560 326 1615 ἐστιν
366 1566 488 1630 ἴση·
537 1561 600 1614 αἱ
632 1569 778 1630 τρεῖς
817 1557 927 1630 ἄρα
967 1559 1029 1613 αἱ
1064 1564 1200 1627 ΑΕ,
1241 1564 1364 1627 ΕΒ,
1404 1562 1516 1614 ΕΓ
1546 1564 1661 1614 ἴσαι
1705 1557 1869 1631 ἀλλή-

175 1654 297 1714 λαις
343 1651 515 1703 εἰσίν·
591 1644 619 1702 ὁ
668 1645 779 1716 ἄρα
825 1647 1034 1721 κέντρῳ
1081 1649 1157 1722 τῷ
1205 1652 1257 1701 Ε
1299 1646 1627 1719 διαστήματι
1675 1647 1737 1704 δὲ
1784 1648 1869 1703 ἑνὶ

174 1740 287 1792 τῶν
321 1743 456 1807 ΑΕ,
507 1742 639 1806 ΕΒ,
695 1741 806 1791 ΕΓ
844 1733 1046 1800 κύκλος
1091 1731 1447 1807 γραφόμενος
1486 1734 1600 1806 ἥξει
1640 1737 1732 1791 καὶ
1774 1737 1868 1792 διὰ

175 1828 290 1881 τῶν
345 1828 558 1881 λοιπῶν
614 1829 858 1896 σημείων
897 1823 990 1879 καὶ
1030 1828 1180 1879 ἔσται
1221 1826 1870 1897 προσαναγεγραμμένος.

90 1926 144 1967 20
175 1913 385 1970 κύκλου
454 1912 562 1986 ἄρα
630 1913 910 1985 τμήματος
979 1913 1251 1978 δοθέντος
1310 1915 1869 1985 προσαναγέγραπται

176 2000 206 2058 ὁ
253 2002 471 2068 κύκλος.
545 2002 638 2057 καὶ
686 2005 880 2073 δῆλον,
927 1999 1002 2067 ὥς
1046 2000 1109 2057 τὸ
1166 2006 1337 2057 ΑΒΓ
1387 2005 1570 2074 τμῆμα
1640 2002 1869 2059 ἔλαττόν

175 2092 327 2147 ἐστιν
378 2089 710 2163 ἡμικυκλίου
744 2090 855 2146 ,διὰ
899 2087 960 2146 τὸ
1013 2088 1075 2146 τὸ
1117 2095 1169 2145 Ε
1214 2091 1449 2163 κέντρον
1501 2089 1654 2158 ἐκτὸς
1692 2090 1869 2148 αὐτοῦ

173 2179 484 2252 τυγχάνειν.

744 2261 1094 2286 ,,,,,,

86 2370 142 2410 25
181 2364 367 2428 ΒΑΔ,
403 2361 501 2429 τῆς
532 2363 650 2412 ΑΔ
681 2363 805 2428 ἴσης
834 2358 1139 2428 γενομένης
1170 2356 1400 2431 ἑκατέρᾳ
1442 2361 1556 2413 τῶν
1588 2363 1725 2428 ΒΔ,
1759 2362 1878 2412 ΔΓ

175 2447 238 2500 αἰ
295 2457 440 2557 τρεῖς
503 2447 565 2500 αἱ
606 2453 750 2516 ΔΑ,
792 2451 928 2516 ΔΒ,
971 2451 1088 2500 ΔΓ
1135 2452 1251 2501 ἴσαι
1305 2443 1571 2517 άλλήλαις
1627 2449 1867 2516 ἔσονται,

298 2613 336 2654 1.
370 2603 481 2666 γάρ]
515 2622 604 2653 om.
637 2623 684 2665 p.
830 2604 1016 2665 διήχθω
1048 2608 1098 2653 F.
1222 2613 1263 2652 3.
1297 2604 1389 2683 ἄρα
1420 2609 1569 2665 γωνία
1599 2624 1644 2666 Ρ.
1766 2609 1866 2666 τῆς]

174 2667 231 2724 τῇ
263 2682 309 2724 p.
433 2672 471 2711 7.
516 2667 629 2712 Post
660 2672 702 2711 Δ
713 2670 748 2710 Β
781 2681 896 2712 eras
929 2668 1016 2711 καί
1040 2667 1096 2711 V.
1219 2671 1261 2713 8.
1296 2663 1443 2725 ἐστίν]
1479 2681 1628 2725 comp.
1662 2681 1803 2724 supra
1833 2668 1868 2711 F

176 2741 235 2770 m.
263 2731 306 2770 2.
443 2731 483 2771 9.
517 2723 610 2770 ὑπὸ
642 2729 776 2771 ABE
803 2754 857 2758 —
887 2731 955 2770 10.
989 2727 1064 2780 ἴση
1098 2722 1224 2770 ἐστὶν
1255 2722 1308 2784 ἡ]
1341 2740 1431 2772 om.
1465 2727 1514 2770 B.
1644 2728 1798 2783 ΒΑΕ]
1832 2730 1867 2770 Β

176 2784 226 2829 in
255 2799 345 2829 ras.
379 2801 423 2842 p.
547 2782 672 2830 ἐστίν
702 2786 752 2829 F.
878 2790 946 2830 10.
980 2784 1087 2843 ΕΒ]
1122 2788 1210 2829 ΒΕ
1240 2784 1289 2828 Ρ.
1410 2785 1489 2844 τῇ]
1523 2782 1697 2846 εὐθείᾳ
1726 2786 1782 2844 τῇ
1815 2786 1865 2829 Ρ.

238 2844 1535 2920 EA]PFm1Vm1AEFm2Vm2p
1655 2830 1866 2903 1’1.δύο]

177 2902 296 2959 (alt.)
329 2905 442 2948 δυσί
474 2903 530 2947 V
626 2909 695 2948 14.
730 2901 884 2963 βάσις]
916 2903 974 2959 Ρ;
1008 2903 1086 2948 καὶ
1122 2899 1255 2961 βάσις
1286 2902 1436 2960 va;
1467 2903 1518 2947 in
1547 2902 1584 2946 F
1616 2905 1705 2947 καί
1728 2917 1870 2960 supra.
