1956 3074
552 141 1014 186 ELEMENTORUM
1044 143 1227 184 LIBER
1256 143 1338 184 111.
1702 139 1811 193 185

111 267 259 320 bitus
307 264 585 331 adcidunt,
624 262 862 315 maxima
900 264 1003 327 est,
1051 279 1188 331 quae
1212 279 1325 330 ,per
1364 262 1608 314 centrum
1649 262 1813 315 ducta

115 358 219 424 est,
267 357 570 407 ceterarum
618 354 798 404 autem
846 350 1096 420 proxima
1135 367 1376 419 quaeque
1418 348 1488 418 ei,
1543 367 1678 418 quae
1716 369 1815 418 per

116 445 360 497 centrum
399 445 496 510 est,
535 439 824 493 remotiore
863 439 1037 492 maior
1076 441 1175 507 est,
1214 440 1484 491 rectarum
1526 441 1706 491 autem
1743 439 1811 491 ad

123 549 416 586 connexam
469 532 684 599 partem
740 529 976 582 ambitus
1033 526 1398 580 adcidentium
1445 525 1672 579 minima
1713 530 1814 596 est,

114 639 249 690 quae
295 619 435 671 inter
480 621 741 688 punctum
788 620 843 669 et
887 617 1211 670 diametrum
1250 615 1433 686 posita
1471 618 1568 683 est,
1608 619 1809 669 cetera-

112 727 231 762 rum
263 710 443 761 autem
474 707 724 776 proxima
758 723 1000 776 quaeque
1025 705 1280 758 minimae
1304 704 1594 758 remotiore
1617 706 1814 775 minor,

113 802 168 851 et
221 798 356 850 duae
419 796 566 850 solae
621 798 803 849 rectae
851 814 883 848 a
927 798 1130 864 puncto
1178 795 1272 848 illo
1315 795 1380 848 ad
1421 794 1683 848 circulum
1723 794 1813 848 ad-

112 886 290 940 cident
327 886 384 938 in
422 890 648 954 utraque
680 886 835 954 parte
873 884 1146 937 minimae.

848 986 932 1040 Sit
983 988 1223 1061 circulus
1287 990 1476 1058 ΑΒΓ,
1543 991 1598 1041 et
1661 991 1818 1042 extra

732 1080 906 1130 ΑΒΓ
931 1079 1176 1130 sumatur
1207 1080 1469 1146 punctum
1503 1077 1724 1148 aliquod
1743 1082 1815 1147 A,

734 1170 789 1220 et
829 1167 898 1219 ab
947 1184 1011 1219 eo
1051 1168 1230 1219 rectae
1270 1166 1480 1236 aliquot
1519 1166 1817 1220 educantur

734 1260 874 1324 AA,
915 1259 1051 1323 AE,
1090 1259 1224 1324 AZ,
1264 1258 1397 1325 ΔΓ,
1451 1258 1506 1308 et
1552 1259 1670 1308 AA
1717 1273 1818 1324 per

735 1347 981 1398 centrum
1019 1345 1180 1397 ducta
1228 1344 1313 1398 sit.
1354 1344 1497 1414 dico,
1544 1347 1815 1398 rectarum

735 1433 802 1486 ad
842 1451 1028 1486 cauam
1067 1435 1282 1502 partem
1323 1433 1559 1487 ambitus
1590 1434 1827 1486 ΑΕΖΓ

736 1521 1099 1574 adcidentium
1153 1522 1451 1575 maximam
1504 1541 1622 1576 esse
1678 1541 1819 1588 eam,

736 1628 870 1679 quae
894 1628 991 1680 per
1022 1613 1266 1664 centrum
1299 1611 1460 1664 ducta
1486 1611 1571 1681 sit,
1605 1615 1727 1681 AA,
1760 1614 1815 1664 et

736 1702 931 1758 AE>
958 1703 1090 1769 AZ,
1126 1703 1234 1752 AZ
1258 1708 1316 1760 >
1343 1701 1469 1770 ΔΓ,
1508 1718 1692 1753 earum
1725 1719 1819 1753 au-

737 1791 872 1858 tem,
934 1807 1071 1858 quae
1123 1789 1191 1842 ad
1249 1807 1544 1843 connexam
1602 1792 1815 1859 partem

113 1875 348 1928 ambitus
387 1878 634 1927 ΘΛΚΗ
666 1875 940 1947 adcidant,
996 1877 1280 1930 minimam
1321 1896 1438 1931 esse
1477 1881 1622 1948 AH,
1678 1896 1819 1948 quaev

112 1964 251 2018 inter
266 1967 528 2034 punctum
553 1967 608 2016 et
631 1964 954 2018 diametrum
979 1969 1106 2018 AH
1122 1967 1303 2035 posita
1328 1967 1414 2037 sit,
1438 1970 1492 2020 et
1508 1968 1816 2037 proximam

112 2171 337 2226 mutauit,
382 2171 463 2215 sed
505 2185 671 2228 parum
713 2171 859 2228 recte3
912 2185 1064 2228 neque
1109 2172 1234 2217 enim
1264 2172 1484 2218 Euclides
1522 2173 1821 2219 demonstrat

114 2234 201 2274 ΔΑ
245 2230 520 2286 maximam,
570 2233 678 2275 AH
714 2229 958 2275 minimam
1002 2245 1101 2276 esse
1146 2232 1394 2277 omnium
1436 2233 1672 2278 rectarum
1711 2248 1740 2278 a
1771 2239 1816 2278 A

113 2288 450 2346 adcidentium‚
482 2290 609 2347 quod
637 2292 798 2335 tamen
827 2290 937 2335 inde
969 2290 1109 2335 facile
1141 2291 1372 2348 sequitur,
1406 2293 1532 2348 quod
1562 2294 1721 2338 rectae
1753 2293 1815 2337 ad

117 2349 318 2393 ΘΛΚΗ
354 2349 628 2395 adcidentes
669 2349 859 2394 omnino
899 2350 1102 2395 minores
1144 2353 1254 2396 sunt
1293 2351 1473 2396 ceteris.
1546 2351 1817 2410 Campanus

118 2407 277 2452 omisit
304 2422 350 2464 p.
378 2409 509 2454 1821.
530 2414 608 2454 23:
642 2402 709 2452 ὧν
741 2410 825 2466 μία
850 2435 906 2442 -
932 2414 1004 2455 25.
1039 2406 1261 2467 εὐθειῶν,
1295 2413 1453 2456 cetera
1482 2412 1536 2455 ut
1567 2426 1650 2457 nos
1681 2425 1814 2470 prae-

111 2466 204 2511 bet.
267 2467 491 2513 Eutocius
522 2483 566 2525 p.
596 2472 696 2523 182,
722 2473 898 2513 24—25
932 2471 982 2514 et
1011 2484 1056 2525 p.
1084 2474 1184 2526 184,
1211 2475 1329 2527 3-4
1360 2473 1413 2515 ut
1442 2484 1526 2516 nos
1560 2471 1691 2529 legit.

116 2530 183 2570 15.
224 2526 340 2571 Post
381 2532 468 2570 AA
508 2528 616 2572 add.
660 2523 876 2584 ἐλαχίστη
916 2527 970 2573 δὲ
1011 2525 1039 2584 ἡ
1083 2527 1261 2586 μεταξὺ
1302 2531 1387 2574 τοῦ
1420 2535 1463 2574 A
1505 2533 1700 2588 σημείου
1733 2530 1817 2575 καὶ

113 2585 196 2640 τῆς
227 2583 482 2643 διαμέτρου
513 2587 597 2643 τῆς
627 2591 726 2631 AH
753 2586 908 2641 BF'V;
941 2587 1070 2632 idem
1101 2589 1138 2632 P
1171 2590 1293 2645 (AH
1321 2603 1408 2645 pro
1440 2593 1557 2645 AH)
1590 2591 1639 2634 et
1668 2603 1700 2646 p
1733 2591 1812 2634 ad—

116 2642 215 2688 dito
245 2660 295 2689 τε
329 2647 438 2690 ante
472 2651 514 2690 A
546 2649 594 2691 et
625 2661 765 2704 supra
796 2643 972 2703 μεταξύ
1006 2647 1181 2705 scripto
1213 2644 1242 2704 ἡ
1279 2651 1400 2702 ΔΗ;
1449 2644 1664 2706 ἐλαχίστη
1696 2646 1748 2694 δὲ
1782 2646 1812 2707 ἡ

115 2700 289 2758 μεταξὺ
330 2704 412 2749 τοῦ
455 2708 651 2762 σημείου
690 2705 771 2750 καὶ
802 2706 886 2762 τῆς
918 2705 1172 2763 διαμέτρου
1205 2708 1288 2765 τῆς
1319 2711 1418 2751 AH
1445 2707 1515 2752 ed.
1550 2708 1691 2753 Basil.

118 2765 187 2806 16.
218 2762 321 2821 τῆς]
355 2764 474 2821 (alt.)
507 2765 562 2822 τῇ
594 2765 695 2811 FV.
823 2770 891 2811 17.
927 2767 1153 2825 ΘΛΚΗ]
1188 2770 1234 2810 K
1263 2781 1377 2812 corr.
1414 2780 1469 2811 ex
1501 2769 1550 2810 H
1579 2768 1621 2813 V
1652 2784 1714 2815 m.
1743 2773 1781 2814 1.

119 2823 188 2864 18.
228 2816 442 2879 ἐλαχίστη
468 2849 523 2863 .-
553 2828 620 2870 19.
653 2825 777 2883 AH]
820 2838 910 2871 om.
943 2824 1187 2883 PBFVp‚
1229 2826 1300 2873 ed.
1341 2826 1508 2883 Basil.;
1551 2841 1667 2872 corr.
1702 2827 1818 2873 Gre-

116 2878 288 2935 gorius.
411 2886 479 2928 19.
510 2879 615 2942 ἄεί]
650 2883 751 2929 αἰεί
776 2884 827 2928 F.
