1956 3074
511 103 972 147 ELEMENTORUM
1001 105 1185 146 mmm
1214 94 1298 146 111.
1658 104 1768 158 255

74 225 200 297 gulo
227 223 295 277 ad
320 225 374 276 Γ
391 222 588 293 posito,
629 240 759 294 ergo
783 241 968 277 rursus
1000 223 1057 276 in
1082 227 1193 276 AB
1220 227 1558 295 segmentum
1585 226 1769 279 circuli

73 313 397 382 descriptum
437 314 522 366 est
559 314 745 382 ΑΕΒ,
786 311 930 381 quod
970 313 1230 382 angulum
1269 313 1448 382 capiat
1487 315 1768 383 aequalem

73 402 270 473 angulo
311 401 377 454 ad
416 403 470 454 Γ
500 400 699 470 posito.

766 490 874 542 iam
914 508 1044 544 uero
1085 491 1317 561 angulus
1365 490 1434 544 ad
1471 493 1526 544 Γ
1554 491 1766 561 positus

693 578 920 632 obtusus
969 580 1063 649 sit,
1111 583 1166 633 et
1213 580 1280 633 ad
1318 582 1524 633 rectam
1564 583 1674 633 AB
1714 583 1769 633 et

692 671 954 736 punctum
977 674 1032 721 A
1064 669 1113 722 ei
1146 669 1388 740 aequalis
1422 671 1768 723 construatur

693 761 727 818 L
745 760 792 809 Β
802 761 855 809 Α
865 761 935 826 Δ,
972 760 1034 810 ut
1071 757 1128 810 in
1160 758 1325 811 tertia
1355 759 1531 828 figura
1561 758 1768 811 factum

693 848 796 910 est,
835 848 891 898 εὴ
929 846 998 899 ad
1021 850 1139 899 AA
1175 847 1636 917 perpendicularis
1677 846 1768 900 du-

694 937 847 988 catur
876 938 1011 1005 AE,
1059 938 1114 988 et
1158 954 1345 988 rursus
1378 939 1486 988 AB
1525 936 1584 988 in
1626 939 1671 987 Z
1709 935 1767 988 in

694 1023 828 1076 duas
859 1026 1041 1093 partes
1075 1025 1327 1095 aequales
1360 1027 1585 1092 secetur,
1622 1027 1676 1077 εὴ
1701 1024 1768 1077 ad

693 1116 803 1166 AB
850 1112 1315 1182 perpendicularis
1365 1113 1592 1166 ducatur
1641 1116 1768 1183 ZH,

70 1204 125 1254 et
184 1202 411 1255 ducatur
466 1204 597 1255 ΗΒ.
690 1203 744 1254 εὴ
805 1202 1064 1271 quoniam
1124 1220 1309 1257 rursus
1371 1205 1480 1254 AZ
1529 1226 1600 1245 =
1650 1205 1768 1270 ΖΒ,

69 1295 124 1344 εὴ
164 1293 284 1343 ΖΗ
320 1290 619 1344 communis
659 1292 765 1359 est,
819 1290 956 1344 duae
995 1292 1174 1344 rectae
1220 1294 1352 1359 AZ,
1405 1294 1526 1343 ZH
1557 1290 1766 1343 duabus

70 1382 190 1447 BZ,
230 1382 350 1431 ZH
380 1380 632 1448 aequales
674 1382 823 1448 sunt3
863 1381 917 1431 et
956 1383 991 1441 L
1022 1382 1293 1432 AZH=
1319 1382 1505 1432 BZH.
1582 1379 1767 1448 itaque

69 1469 198 1518 AH
217 1492 287 1510 =
312 1470 436 1519 BH
467 1467 532 1538 [1,
570 1468 646 1534 4].
699 1468 884 1537 itaque
923 1468 1154 1520 circulus
1195 1470 1381 1522 centro
1423 1471 1489 1520 H
1520 1470 1576 1520 et
1612 1466 1766 1520 radio

68 1557 189 1607 HA
236 1556 539 1625 descriptus
592 1557 756 1609 etiam
794 1575 891 1626 per
922 1559 969 1609 Β
1008 1556 1203 1609 ueniet.
1280 1556 1440 1610 cadat
1477 1559 1539 1609 ut
1583 1558 1766 1609 ΑΕΒ.

72 1646 126 1696 εὴ
178 1645 436 1713 quoniam
487 1646 556 1698 ad
605 1645 926 1699 diametrum
972 1649 1086 1698 AE
1120 1645 1178 1698 in
1217 1645 1450 1698 termino
1490 1644 1768 1714 perpendi-

69 1733 263 1786 cularis
302 1733 465 1787 ducta
503 1738 587 1787 est
616 1740 670 1787 A
681 1739 751 1803 A,
789 1738 939 1788 recta
976 1739 1030 1787 A
1041 1738 1096 1786 A
1137 1734 1392 1787 circulum
1434 1736 1602 1786 ΑΕΒ
1644 1751 1766 1787 con·

69 1821 237 1892 tingit
290 1823 464 1892 [prop.
504 1822 637 1876 XVI
675 1820 841 1894 πόρ.].
920 1826 974 1876 εὴ
1022 1824 1089 1876 ab
1135 1828 1189 1876 A
1233 1826 1434 1893 puncto
1484 1824 1765 1875 contactus

68 1910 330 1980 producta
376 1914 459 1964 est
497 1915 621 1965 ΑΒ.
699 1912 883 1982 itaque
923 1917 958 1974 L
991 1915 1167 1965 BAA
1214 1913 1416 1982 angulo
1457 1911 1516 1964 in
1555 1911 1764 1964 alterno

72 2003 352 2069 segmento
394 2001 595 2070 circuli,
634 2004 818 2070 ΑΘΒ,
858 2004 1169 2055 constructo
1204 2001 1447 2070 aequalis
1474 2002 1557 2053 est
1590 2001 1766 2070 [prop.

68 2086 317 2156 XXXII}
366 2088 458 2141 sed
489 2094 524 2150 L
550 2092 726 2142 BAA
751 2090 952 2159 angulo
994 2090 1060 2142 ad
1099 2092 1154 2143 Γ
1177 2089 1359 2160 posito
1393 2089 1634 2159 aequalis
1667 2091 1765 2142 est,

73 2193 237 2246 quare
274 2177 439 2230 etiam
475 2178 706 2247 angulus
738 2179 795 2231 in
828 2182 993 2232 ΑΘΒ
1021 2182 1301 2249 segmento
1327 2178 1536 2248 positus
1564 2179 1763 2248 angulo

71 2264 138 2317 ad
179 2267 229 2318 Γ
260 2266 442 2334 posito
484 2254 728 2336 aequalis
770 2269 867 2320 est.

180 2352 329 2425 Ergo
384 2355 442 2407 in
500 2355 626 2409 data
679 2358 828 2409 recta
867 2360 976 2409 ΑΒ
1018 2359 1359 2427 segmentum
1409 2356 1596 2410 circuli
1644 2374 1764 2410 con-

73 2444 335 2496 structum
374 2447 456 2496 est
479 2447 660 2514 ΑΘΒ,
700 2444 842 2514 quod
882 2446 1141 2515 angulum
1183 2445 1380 2515 angulo
1419 2444 1486 2498 ad
1512 2445 1762 2514 Fposito

73 2532 350 2601 aequalem
390 2533 596 2603 capiat3
638 2533 780 2603 quod
820 2535 1107 2603 oportebat
1145 2534 1275 2586 fieri.

69 2718 118 2765 in
147 2735 235 2767 ras.
266 2738 327 2768 m.
352 2728 378 2767 2
410 2723 466 2767 V.
587 2722 910 2782 συνεσταμένῃ
942 2724 1037 2769 PF.
1146 2719 1262 2767 ἄλλά
1295 2723 1345 2767 Ρ.
1469 2727 1539 2767 20.
1575 2719 1674 2767 ἐστί
1705 2724 1760 2771 V.

129 2785 199 2825 21.
231 2782 401 2840 γωνία]
434 2796 523 2828 om.
557 2783 613 2828 V.
768 2780 893 2827 ἐστίν
931 2783 981 2828 Ρ.
1135 2788 1205 2829 22.
1254 2778 1344 2840 ἄρα
1377 2782 1624 2841 δοθείσης]
1657 2782 1760 2838 PF;

71 2838 292 2896 δοθείσης
324 2837 419 2898 ἄρα
443 2840 584 2899 BVp.
690 2847 725 2886 A
737 2842 793 2901 Β]
826 2842 874 2886 in
907 2856 995 2886 ras.
1030 2840 1130 2888 FV.
1224 2847 1295 2887 23.
1329 2837 1610 2900 δεχόμενον]
1645 2856 1759 2888 corr.

70 2908 127 2941 ex
158 2895 383 2957 ἐχόμενον
413 2915 473 2946 m.
503 2907 524 2945 1
559 2901 610 2947 P.
