1956 3074
207 154 317 208 130
840 156 1176 198 ΣΤοῙΧΕῙῼΝ
1208 152 1271 214 β’.

202 269 266 327 τὸ
307 276 370 342 Γ,
412 276 492 337 εἰς
531 272 594 328 δὲ
632 271 801 328 ἄνισα
838 272 976 328 κατὰ
1016 271 1079 328 τὸ
1113 280 1192 328 A·
1232 273 1393 344 λέγω,
1434 271 1518 329 ὅτι
1548 274 1612 330 τὸ
1645 272 1754 331 ὑπὸ
1787 279 1902 331 τῶν

203 368 259 415 A
270 367 344 431 Δ,
372 367 482 416 ΔΒ
520 360 918 434 περιεχόμενον
959 359 1318 434 ὀρθογώνιον
1357 360 1491 432 μετὰ
1529 365 1632 417 τοῦ
1664 360 1772 418 ἀπὸ
1803 367 1902 434 τῆς.

204 453 309 505 ΓΛ
346 448 699 522 τετραγώνου
739 456 866 506 ἴσον
906 450 1023 506 ἐστὶ
1054 453 1130 525 τῷ
1164 447 1273 506 ἀπὸ
1304 454 1402 521 τῆς
1426 455 1526 507 ΓΒ
1556 450 1900 525 τετραγώνῳ.

315 536 755 610 Ἀναγεγράφθω
810 539 918 610 γὰρ
974 536 1082 593 ἀπὸ
1138 541 1235 609 τῆς
1285 542 1385 593 ΓΒ
1432 538 1785 611 τετράγωνον
1835 539 1897 594 τὸ

145 636 173 678 5
206 630 450 695 ΓΕΖΒ,
502 626 596 681 καὶ
644 625 955 697 ἐπεζεύχθω
1002 623 1035 697 ἡ
1078 632 1210 696 ΒΕ,
1265 626 1357 681 καὶ
1406 623 1499 681 διὰ
1548 626 1650 697 μὲν
1696 630 1798 682 τοῦ
1846 634 1901 682 Δ

205 713 444 789 ὁποτέρα
482 717 596 771 τῶν
635 719 765 784 ΓΕ,
806 721 910 770 ΒΖ
949 714 1302 787 παράλληλος
1341 713 1501 786 ἤχθω
1542 712 1575 785 ἡ
1618 720 1763 784 ΔΗ,
1805 715 1898 770 διὰ

205 803 267 860 δὲ
313 807 415 859 τοῦ
454 810 502 859 Θ
551 801 792 877 ὁποτέρᾳ
837 806 952 859 τῶν
998 809 1134 874 ΑΒ,
1182 810 1287 858 ΕΖ
1333 801 1686 875 παράλληλος
1732 803 1901 859 πάλιν

202 900 364 964 ηχθω
421 890 455 963 ἡ
504 897 659 961 ΚΜ,
714 891 805 946 καὶ
852 891 1022 947 πάλιν
1070 890 1164 947 διὰ
1226 895 1327 947 τοῦ
1375 899 1428 946 Α
1491 889 1728 966 ὁποτέρᾳ
1789 895 1903 947 τῶν

204 985 330 1051 ΓΛ,
379 986 510 1036 ΒΜ
555 979 910 1053 παράλληλος
960 978 1122 1053 ἤχθω
1173 978 1207 1051 ἡ
1249 985 1380 1035 ΑΚ.
1464 980 1557 1034 καὶ
1609 980 1724 1036 ἐπεὶ
1777 988 1903 1036 ἴσον

117 1079 175 1122 10
206 1069 321 1126 ἐστὶ
372 1068 434 1125 τὸ
484 1073 585 1124 ΓΘ
634 1071 1058 1141 παραπλήρωμα
1115 1072 1190 1145 τῷ
1243 1074 1346 1124 ΘΖ
1405 1068 1901 1140 παραπληρώματι,

206 1156 405 1214 κοινὸν
451 1159 808 1229 προσκείσθω
855 1156 917 1213 τὸ
962 1163 1122 1213 ΔΜ·
1179 1155 1314 1213 ὅλον
1363 1155 1472 1228 ἄρα
1518 1155 1580 1212 τὸ
1621 1162 1750 1212 ΓΜ
1789 1155 1902 1232 ὅλῳ

202 1249 280 1322 τῷ
323 1252 378 1300 Δ
389 1251 434 1300 Ζ
474 1251 599 1300 ἴσον
640 1247 806 1301 ἐστίν.
869 1242 1009 1301 ἄλλα
1048 1244 1110 1301 τὸ
1153 1250 1281 1300 ΓΜ
1310 1247 1386 1321 τῷ
1412 1250 1524 1299 ΑΛ
1565 1251 1691 1301 ἴσον
1732 1247 1902 1315 ἐστίν,

205 1334 321 1389 ἐπεὶ
360 1333 453 1389 καὶ
492 1332 526 1405 ἡ
560 1338 675 1389 ΑΓ
704 1337 770 1406 τῇ
804 1338 905 1389 ΓΒ
946 1335 1095 1390 ἐστιν
1137 1339 1257 1404 ἴση·
1296 1332 1388 1387 καὶ
1427 1331 1489 1388 τὸ
1530 1338 1644 1389 ΑΛ
1684 1332 1794 1406 ἄρα
1824 1337 1901 1409 τῷ

206 1428 317 1477 ΛΖ
357 1428 483 1478 ἴσον
517 1424 683 1478 ἐστίν.
745 1421 941 1478 κοινὸν
975 1426 1330 1495 προσκείσθω
1362 1421 1424 1477 τὸ
1452 1426 1581 1477 ΓΘ·
1624 1419 1759 1477 ὅλον
1792 1420 1902 1493 ἄρα

121 1523 175 1565 15
207 1510 270 1566 τὸ
312 1516 423 1566 ΑΘ
459 1514 535 1587 τῷ
580 1512 767 1573 ΜΝΞ
806 1509 1058 1582 γνώμονι
1099 1517 1224 1566 ἴσον
1266 1511 1431 1566 ἐστίν.
1510 1507 1652 1564 ἄλλα
1692 1509 1755 1565 τὸ
1795 1517 1905 1565 ΑΘ

114 1967 173 2008 20

116 2411 173 2452 25

203 1597 267 1655 τὸ
310 1596 421 1655 ὑπὸ
460 1602 574 1655 τῶν
614 1605 756 1669 ΛΔ,
790 1605 901 1654 ΔΒ
943 1601 1116 1655 ἐστιν·
1158 1605 1249 1670 ἴση
1289 1596 1397 1670 γὰρ
1438 1595 1471 1669 ἡ
1516 1603 1626 1653 ΔΘ
1664 1600 1729 1670 τῇ
1772 1605 1905 1654 ΔΒ·

204 1688 300 1743 καὶ
341 1685 370 1743 ὁ
396 1690 588 1750 ΜΝΞ
621 1686 732 1761 ἄρα
770 1687 1011 1759 γνώμων
1053 1694 1173 1753 ἴσος
1212 1687 1325 1743 ἐστὶ
1364 1689 1439 1762 τῷ
1480 1683 1587 1742 ὑπὸ
1630 1693 1906 1757 ΑΔ,ΔΒ,

204 1776 412 1833 κοινὸν
450 1781 806 1850 προσκείσθω
847 1775 910 1833 τὸ
937 1782 1074 1847 ΛΗ,
1116 1774 1148 1832 ὅ
1188 1777 1338 1832 ἐστιν
1380 1783 1505 1831 ἴσον
1544 1777 1620 1851 τῷ
1661 1772 1770 1831 ἀπὸ
1810 1778 1907 1847 τῆς

204 1871 339 1923 ΓΔ·
403 1863 433 1921 ὁ
484 1864 594 1937 ἄρα
635 1867 824 1928 ΜΝΞ
866 1864 1107 1937 γνώμων
1146 1863 1239 1919 καὶ
1277 1861 1341 1919 τὸ
1385 1869 1510 1918 ΛΗ
1542 1869 1635 1919 ἴσα
1675 1864 1788 1919 ἐστὶ
1827 1867 1902 1940 τῷ

205 1953 320 2011 ὑπὸ
367 1957 480 2011 τών
520 1960 665 2024 ΑΔ,
707 1960 818 2009 ΔΒ
864 1954 1235 2028 περιεχομένῳ
1293 1949 1627 2028 ὀρθογωνίῳ
1680 1953 1772 2008 καὶ
1826 1955 1903 2027 τῷ

206 2041 316 2100 ἀπὸ
365 2046 463 2115 τῆς
502 2047 606 2098 ΓΔ
644 2042 986 2118 τετραγώνῳ.
1051 2039 1190 2098 ἀλλὰ
1235 2040 1264 2097 ὁ
1307 2043 1496 2104 ΜΝΞ
1529 2040 1772 2112 γνώμων
1811 2041 1903 2096 καὶ
1934 2028 1948 2037 ’

204 2131 267 2188 τὸ
296 2137 422 2187 ΛΗ
455 2129 591 2187 ὅλον
632 2131 746 2187 ἐστὶ
785 2129 847 2186 τὸ
873 2135 1089 2186 ΓΕΖΒ
1121 2129 1492 2202 τετράγωνον,
1533 2127 1564 2185 ὅ
1604 2130 1754 2185 ἐστιν
1793 2126 1904 2184 ἀπὸ

204 2224 304 2293 τῆς
343 2225 474 2276 ΓΒ·
515 2218 579 2275 τὸ
621 2218 731 2293 ἄρα
770 2217 880 2275 ὑπὸ
919 2222 1032 2275 τῶν
1058 2225 1200 2290 ΛΔ,
1227 2225 1338 2274 ΔΒ
1376 2217 1772 2291 περιεχόμενον
1813 2215 1905 2289 ὀρ-

205 2308 498 2380 θογώνιον
538 2305 673 2379 μετὰ
711 2310 814 2363 τοῦ
854 2305 963 2363 ἀπὸ
1001 2310 1099 2378 τῆς
1119 2311 1223 2361 ΓΔ
1245 2305 1599 2377 τετραγώνου
1631 2313 1756 2362 ἴσον
1790 2305 1904 2362 ἐστὶ

205 2401 281 2474 τῷ
322 2395 431 2457 ἀπὸ
471 2398 570 2467 τῆς
609 2400 710 2451 ΓΒ
749 2394 1091 2471 τετραγώνῳ.

328 2653 370 2692 3.
404 2643 530 2693 ἐστίν
560 2646 609 2691 Ρ.
775 2643 1073 2704 τετραγώνῳ]
1107 2660 1196 2692 om.
1229 2645 1288 2702 B;
1323 2659 1476 2703 comp.
1509 2644 1614 2690 add.
1647 2660 1707 2689 m.
1734 2650 1760 2690 2
1794 2646 1841 2690 F.

210 2713 250 2753 5.
288 2707 492 2766 ΓΕΖΒ]
523 2707 574 2751 in
604 2721 693 2751 ras.
725 2721 772 2764 p.
894 2706 1000 2764 ΒΕ]
1035 2710 1069 2749 Β
1101 2704 1151 2749 in
1180 2720 1270 2750 ras.
1303 2705 1351 2750 F.
1476 2710 1515 2751 6.
1550 2705 1652 2763 ΒΖ]
1690 2707 1769 2748 ΖΒ
1800 2704 1852 2747 F.

210 2763 291 2812 διὰ
325 2766 399 2825 δέ]
432 2765 514 2811 καὶ
546 2763 626 2810 διά
659 2765 713 2811 V.
817 2771 856 2810 7.
889 2761 1051 2822 πάλιν]
1086 2779 1176 2809 om.
1209 2780 1255 2822 p,
1286 2779 1346 2809 m.
1373 2769 1399 2809 2
1432 2764 1488 2809 V.
1581 2768 1622 2809 8.
1655 2763 1736 2808 καὶ
1759 2760 1902 2807 πάλιν

209 2853 264 2859 -
287 2831 327 2871 9.
366 2822 377 2839 ³
409 2825 525 2884 ΑΚ]
559 2840 653 2883 mg.
684 2840 745 2871 m.
778 2838 867 2871 rec.
899 2825 950 2869 P.
1031 2829 1099 2869 10.
1134 2824 1242 2882 ΘΖ]
1276 2825 1363 2868 ΖΘ
1393 2824 1442 2868 F.
1524 2827 1593 2869 12.
1626 2823 1728 2867 ἴσον
1755 2817 1901 2880 ἐστίν]

211 2886 328 2942 (alt.)
381 2900 480 2929 στιν
514 2887 615 2929 ἴσον
633 2884 689 2930 V.
815 2889 882 2929 13.
918 2879 1208 2941 ἐπεί-ἴση]
1241 2898 1335 2941 mg.
1368 2898 1428 2929 m.
1454 2887 1479 2926 2
1505 2882 1547 2927 V
1580 2883 1674 2938 (ἴση
1708 2878 1842 2938 ἔστί).

212 2949 283 2990 14.
319 2940 444 2989 ἐστιν
475 2946 576 2988 ἴσον
610 2944 663 2987 V.
804 2939 948 3001 ἐστίν]
984 2943 1032 2998 Ρ,
1071 2957 1221 2999 comp.
1252 2957 1312 2988 m.
1339 2946 1365 2986 2
1398 2942 1456 2996 F;
1491 2936 1592 2986 ἔστί
1615 2940 1708 2998 Bp.
1833 2945 1901 2985 15.
