1956 3074
0 195 6 295 ξ

0 300 8 452 ἓ

0 453 8 672 ξ

0 674 10 906 ξ

0 935 5 1029 ε

0 1035 6 1146 ἓ

0 2648 14 2729 i·

522 101 984 147 ELEMENTORUM
1013 102 1195 144 LIBER
1228 102 1304 144 IV.
1667 99 1776 154 315

186 222 414 276 ducatur
460 221 652 275 circuli
695 223 1035 275 ΑΒΓΔΕΖ
1074 221 1368 274 diametrus
1409 225 1463 273 Α
1473 224 1549 290 Δ,
1597 222 1651 273 et
1690 239 1776 275 su-

267 327 306 375 θ
525 312 707 363 matur
746 313 814 362 H
842 311 1083 363 centrum
1133 310 1341 378 circuli,
1397 312 1450 363 et
1496 312 1679 363 centro
1723 313 1779 362 A

525 397 678 451 radio
741 400 923 450 autem
978 402 1109 452 AH
1155 396 1385 452 circulus
1442 398 1779 451 describatur

526 488 774 555 ΕΗΓΘ,
823 489 878 539 et
916 487 1109 541 ductae
1140 490 1279 557 EH,
1317 489 1439 540 ΓΗ
1469 486 1536 539 ad
1575 490 1778 556 puncta

421 762 462 813 Ζ
525 756 862 807 ΑΒΓΔΕΖ
910 755 1299 824 aequilaterum
1349 758 1403 808 et
1450 755 1778 824 aequiangu-

226 869 295 914 Α
526 842 640 895 lum
681 861 813 897 esse.

186 964 315 999 nam
380 934 638 1014 quoniam
700 950 964 1015 punctum
1031 950 1098 999 H
1158 949 1404 1000 centrum
1459 950 1542 1000 est
1590 945 1773 999 circuli

75 1037 435 1103 ΑΒΓΔΕΖ,
474 1035 577 1087 erit
614 1037 734 1087 HE
758 1060 827 1078 =
852 1039 989 1089 HA.
1030 1054 1216 1089 rursus
1245 1035 1500 1106 quoniam
1521 1039 1575 1087 A
1608 1052 1776 1104 punc-

0 1150 4 1179 ε
74 1129 192 1178 tum
231 1126 476 1177 centrum
516 1127 599 1177 est
637 1124 824 1177 circuli
862 1127 1046 1194 ΗΓΘ,
1098 1124 1202 1177 erit
1242 1127 1298 1176 Δ
1307 1128 1360 1177 Ε
1382 1149 1451 1166 =
1478 1127 1534 1176 Δ
1543 1126 1614 1177 Η.
1686 1122 1779 1176 sed

75 1213 508 1267 demonstratum
565 1215 670 1281 est,
735 1230 851 1266 esse
906 1216 1028 1266 HE
1050 1239 1120 1258 =
1146 1216 1282 1266 HA.
1374 1213 1559 1282 itaque
1614 1212 1777 1265 etiam

76 1305 195 1355 ΗΕ
215 1327 285 1345 =
312 1305 441 1354 EA.
491 1301 674 1371 itaque
714 1301 1022 1371 triangulus
1048 1304 1231 1354 ΕΗΔ
1255 1302 1646 1372 aequilaterum
1679 1304 1777 1355 est.

77 1409 241 1460 quare
296 1390 460 1444 etiam
512 1391 624 1442 tres
677 1389 863 1459 anguli
916 1390 1030 1443 eius
1079 1394 1285 1460 EHA,
1340 1392 1542 1459 ΗΔΕ,
1598 1392 1782 1443 ΔΕΗ

79 1479 222 1532 inter
262 1497 319 1532 se
360 1479 611 1549 aequales
655 1481 796 1548 sunt,
836 1479 963 1548 quia
1002 1479 1060 1532 in
1099 1478 1385 1550 triangulis
1426 1479 1777 1548 aequicruriis

80 1568 265 1639 anguli
313 1568 379 1621 ad
425 1568 600 1621 basim
651 1567 817 1637 positi
857 1568 998 1620 inter
1038 1585 1095 1620 se
1136 1568 1388 1637 aequales
1430 1571 1556 1620 sunt
1595 1567 1661 1636 [I,
1702 1567 1779 1635 5].

79 1660 134 1710 et
185 1659 296 1710 tres
345 1657 506 1710 simul
546 1657 732 1727 anguli
775 1657 1034 1727 trianguli
1074 1657 1282 1711 duobus
1322 1656 1482 1710 rectis
1523 1657 1776 1726 aequales

79 1748 208 1799 sunt
249 1745 312 1815 [1,
352 1746 465 1813 32].
541 1747 724 1816 itaque
765 1751 800 1809 L
826 1750 942 1800 ΕΗ
950 1750 1005 1799 Δ
1051 1747 1214 1799 tertia
1260 1764 1386 1815 pars
1427 1746 1510 1798 est
1550 1745 1778 1799 duorum

75 1837 361 1890 rectorum.
440 1834 689 1888 similiter
745 1835 1260 1904 demonstrabimUS,
1316 1835 1479 1888 etiam
1531 1839 1566 1897 L
1603 1834 1788 1887 ΔΗΓ

78 1925 300 1979 tertiam
338 1927 553 1993 partem
607 1924 835 1978 duorum
889 1927 1163 1978 rectorum
1218 1941 1350 1977 esse.
1424 1926 1478 1975 et
1517 1923 1774 1992 quoniam

77 2016 225 2066 recta
262 2015 383 2067 ΓΗ
405 2013 465 2067 in
504 2016 608 2066 ΕΒ
656 2013 955 2067 constituta
1003 2013 1231 2083 angulos
1279 2012 1525 2081 deinceps
1565 2011 1774 2081 positos

79 2103 273 2171 ΕΗΓ,
328 2101 500 2153 ΓΗΒ
557 2100 766 2155 duobus
812 2102 973 2155 rectis
1022 2101 1273 2171 aequales
1330 2100 1496 2154 efficit
1556 2099 1626 2169 [I,
1672 2096 1779 2171 13],

77 2189 243 2242 etiam
289 2189 526 2258 reliquus
566 2194 601 2251 l,
626 2192 794 2242 ΓΗΒ
841 2191 1006 2244 tertia
1052 2208 1180 2260 pars
1217 2191 1300 2243 est
1340 2188 1568 2243 duorum
1607 2191 1779 2242 recto-

76 2297 213 2331 rum.
285 2296 449 2348 quare
496 2278 682 2348 anguli
721 2281 923 2348 ΕΗΔ,
967 2281 1165 2345 ΔΗΓ,
1205 2280 1376 2331 ΓΗΒ
1417 2277 1557 2331 inter
1597 2295 1652 2331 se
1694 2295 1777 2331 ae·

79 2367 264 2436 quales
305 2369 457 2436 sunt3
489 2385 654 2436 quare
695 2367 862 2419 etiam
903 2368 994 2437 qui
1035 2366 1101 2420 ad
1141 2367 1369 2420 uertices
1411 2384 1596 2420 eorum
1634 2368 1776 2435 sunt,

80 2573 205 2627 (add.
237 2587 299 2618 m.
331 2585 437 2626 rec.‚
470 2571 554 2616 sed
586 2570 704 2617 εἰσιν
737 2585 838 2616 eras
858 2573 895 2628 );
930 2566 1046 2615 ἄλλά
1079 2586 1125 2628 p.
1252 2575 1319 2615 17.
1355 2571 1451 2614 ἴσαι
1485 2568 1602 2614 εἰσίν
1635 2570 1725 2627 Bp.

80 2629 195 2690 ἄρα]
226 2627 321 2688 ἄρα
352 2627 399 2697 ἡ,
432 2631 513 2675 sed
545 2627 574 2687 ἡ
607 2631 696 2676 del.
731 2646 791 2675 m.
821 2636 842 2674 1
877 2629 925 2674 F.
1078 2634 1145 2674 18.
1178 2629 1464 2704 “QstWLffiU
1499 2645 1549 2685 φ.
1705 2633 1773 2673 19.

82 2690 260 2748 ΔΗΓ]
297 2693 341 2734 Γ
365 2705 414 2733 m
444 2704 535 2735 ras,
567 2705 612 2747 p.
735 2691 892 2745 τρίτου
924 2689 974 2733 Ρ.
1097 2693 1169 2733 20.
1203 2690 1477 2742 σταθεισαν,
1512 2688 1594 2733 sed
1625 2705 1652 2733 ν
1685 2688 1776 2732 del.

0 2731 5 2762 'k
80 2750 131 2794 F.
254 2753 325 2794 22.
358 2750 515 2804 τρίτου
547 2749 598 2795 P.
723 2745 846 2794 ἐστίν
879 2748 974 2793 PF.
1110 2752 1180 2792 24.
1216 2744 1292 2806 αῖ]
1327 2762 1416 2793 om.
1450 2747 1500 2793 B.
1624 2743 1776 2799 αὐτᾶς

0 2843 5 2874 3

80 2825 138 2865 φς
174 2805 366 2859 ἑαυταῖς
397 2807 448 2852 Β,
