1956 3074
587 103 1050 170 ELEMENTORUM
1082 103 1264 145 LmER
1295 102 1377 145 111.
1716 99 1822 154 167

130 230 287 285 rectis
336 227 403 282 ad
450 226 711 279 terminos
752 223 927 276 ductis
966 225 1169 291 rectae,
1217 239 1352 291 quae
1391 222 1538 275 basis
1579 225 1662 275 est
1702 238 1821 292 seg-

131 318 313 386 menti,
352 335 385 370 a
421 314 583 368 rectis
624 312 799 367 ductis
840 309 1326 380 comprehenditur.

238 404 330 459 IX.
410 403 519 457 Ubi
572 420 701 456 uero
755 402 933 454 rectae
989 399 1248 469 angulum
1303 398 1818 467 comprehendentes

128 512 310 547 arcum
359 493 594 562 aliquem
641 489 987 558 abscindunt,
1043 487 1271 558 angulus
1318 487 1375 540 in
1416 505 1477 540 eo
1519 487 1845 541 consistere

125 582 333 636 dicitur.
1120 579 1126 583 ³

275 669 338 724 X.
391 668 578 723 Sector
625 670 804 722 autem
846 667 1031 721 circuli
1070 669 1154 743 est
1190 666 1388 736 figura,
1436 682 1571 734 quae
1612 665 1817 735 angulo

125 759 195 813 ad
237 763 482 813 centrum
525 758 711 812 circuli
750 759 1059 811 constructo
1101 774 1133 809 a
1172 756 1334 809 rectis
1376 754 1634 825 angulum
1675 771 1821 807 com-

124 847 583 918 prehendentibus
623 850 678 899 et
718 864 844 899 arcu
885 845 952 898 ab
993 845 1059 898 iis
1100 844 1312 897 absciso
1352 843 1670 917 continetur.

235 935 328 989 XI.
369 935 578 988 Similia
617 937 896 1005 segmenta
935 933 1254 987 circulorum
1295 934 1436 1001 sunt,
1478 949 1613 1001 quae
1652 947 1820 1002 angu-

124 1025 206 1078 los
256 1024 505 1095 aequales
555 1023 798 1092 capiunt,
852 1022 939 1076 uel
987 1023 1043 1074 in
1092 1021 1286 1090 quibus
1341 1020 1530 1091 anguli
1571 1021 1822 1091 aequales

124 1116 249 1166 sunt
293 1113 408 1180 [cfr.
449 1112 551 1166 def.
593 1113 665 1179 8].

952 1199 994 1252 Ι.

236 1305 366 1360 Dati
406 1306 591 1360 circuli
630 1307 875 1359 centrum
913 1303 1172 1356 inuenire.

239 1394 322 1448 Sit
375 1395 533 1448 datus
596 1394 823 1446 circulus
871 1394 1050 1446 ΑΒΓ.
1129 1394 1343 1460 oportet
1403 1390 1572 1461 igitur
1634 1391 1821 1445 circuli

125 1486 300 1539 ΑΒΓ
330 1486 573 1537 centrum
612 1482 871 1535 inuenire.

324 1617 382 1667 1,
678 1569 1006 1640 producatur
1058 1570 1114 1621 in
1171 1587 1292 1622 eum
1338 1572 1609 1639 utcunque
1664 1573 1814 1623 recta

570 1664 623 1712 A
635 1663 706 1729 B,
761 1662 816 1711 et
868 1659 925 1711 in
978 1662 1179 1728 puncto
1229 1662 1284 1710 A
1333 1658 1392 1711 in
1447 1658 1580 1712 duas
1635 1662 1820 1728 partes

24 1763 30 1765 ·
159 1744 202 1818 f
570 1749 819 1817 aequales
861 1751 1083 1816 secetur,
1123 1750 1178 1800 et
1217 1767 1249 1800 a
1282 1751 1338 1800 A
1371 1747 1439 1800 ad
1469 1750 1676 1801 rectam
1708 1751 1822 1802 AB

147 1831 157 1864 s·
303 1853 364 1920 2ss
388 1827 462 1876 Π
549 1823 1028 1925 'perpendicularis
1084 1836 1310 1890 ducatur
1350 1840 1405 1889 A
1413 1838 1466 1890 Γ
1508 1835 1573 1906 [Ι,
1613 1837 1729 1905 11],
1770 1841 1825 1890 et

566 1924 899 1994 producatur
940 1924 1007 1978 ad
1038 1929 1105 1994 E,
1146 1927 1200 1978 et
1223 1927 1331 1978 ΓΕ
1365 1925 1423 1978 in
1463 1924 1595 1979 duas
1635 1929 1820 1995 partes

568 2014 817 2084 aequales
858 2016 1066 2067 secetur
1105 2014 1162 2067 in
1187 2018 1246 2068 Z.
1309 2014 1444 2085 dieo,
1486 2018 1531 2068 Z
1572 2017 1819 2069 centrum

307 2085 371 2130 Ε
567 2121 684 2156 esse
725 2103 909 2157 circuli
949 2105 1127 2156 ΑΒΓ.

236 2188 319 2243 Ν6
360 2191 431 2243 sit
470 2191 627 2262 enim,
666 2191 774 2260 sed,
816 2192 863 2244 si
901 2191 1016 2244 fieri
1053 2194 1250 2262 potest,
1301 2193 1374 2246 sit
1411 2195 1485 2262 H,
1527 2196 1580 2246 et
1619 2193 1817 2247 ducan—

123 2282 212 2331 tur
250 2282 386 2348 HA,
424 2283 561 2348 HA,
599 2283 728 2334 ΗΒ.
799 2283 854 2333 et
890 2281 1148 2351 quoniam
1188 2286 1306 2335 AA
1334 2307 1404 2324 =
1432 2285 1559 2351 AB,
1600 2287 1655 2335 et
1693 2286 1826 2336 AH

124 2368 425 2421 communis
480 2372 583 2438 est,
638 2370 774 2423 duae
819 2371 1000 2423 rectae
1047 2374 1186 2439 AA,
1251 2373 1381 2424 AH
1425 2370 1633 2425 duabus
1682 2375 1822 2442 HA,

127 2458 237 2508 AB
277 2457 525 2526 aequales
566 2462 691 2510 sunt
729 2458 902 2511 altera
941 2459 1113 2511 alteri.
1181 2462 1236 2517 et
1274 2462 1394 2511 HA
1420 2485 1488 2503 =
1514 2463 1579 2512 Η
1582 2464 1650 2528 B3
1691 2479 1821 2514 nam

123 2600 179 2645 V.
302 2597 402 2661 ἐπ’]
437 2598 520 2646 ἐπί
544 2603 595 2647 Β.
720 2610 758 2649 7.
792 2602 867 2662 δέ]
902 2618 991 2649 om.
1008 2620 1053 2662 p.
1166 2609 1232 2649 11.
1267 2600 1473 2663 κύκλων]
1508 2604 1644 2662 PBp,
1677 2605 1820 2663 Hero,

122 2658 403 2716 Simplicius,
435 2661 646 2718 Boetius;
678 2660 855 2707 κύκλου
886 2664 980 2720 Vq).
1106 2659 1231 2708 ἐστίν
1263 2663 1316 2708 V.
1445 2665 1512 2709 17.
1546 2660 1683 2721 ἤχθω
1718 2666 1766 2710 Ρ.

127 2722 193 2762 19.
226 2718 340 2764 Post
369 2723 451 2763 AB
481 2734 566 2766 ras.
605 2727 626 2765 1
660 2721 754 2766 litt.
788 2722 842 2766 V.
1013 2722 1130 2780 ΔΓ]
1169 2725 1252 2766 ΓΔ
1283 2722 1332 2767 Ρ.
1510 2727 1579 2767 21.
1614 2721 1812 2783 κύκλου]

123 2790 214 2822 om.
246 2777 296 2821 P.
418 2784 487 2826 22.
522 2777 880 2838 ἑπιζεύχθωσαν
911 2783 962 2826 Ρ.
1071 2787 1142 2826 23.
1180 2781 1287 2840 καί]
1324 2796 1414 2827 om.
1449 2797 1499 2838 φ.
1597 2787 1666 2827 25.
1701 2780 1811 2843 δύο]

124 2835 236 2879 δυσί
261 2835 302 2879 V
508 2841 629 2898 HA,
663 2841 925 2944 AB]VAH,
960 2845 1048 2885 BA
1080 2841 1129 2887 P.
1260 2845 1331 2886 26.
1366 2843 1441 2899 ἴση
1477 2837 1601 2886 ἐστίν
1636 2841 1693 2890 V.

19 2939 24 2943 .
123 2889 233 2953 γάρ]
268 2851 370 2952 Pss}
402 2893 491 2956 γὰρ
522 2899 605 2944 τοῦ
642 2902 687 2943 H
717 2900 752 2944 F
