1956 3074
136 674 162 715 5

103 1121 158 1161 10

102 1563 156 1604 15

102 2009 159 2048 20

103 2452 160 2492 25

191 138 265 191 42
826 140 1164 183 ΣΤοῙΧΕῙΩΝ
1194 135 1261 184 α’.

878 257 1225 330 [Πόρισμα.

298 358 390 417 Ἐκ
446 360 514 433 δὴ
556 361 764 418 τούτου
803 359 1057 432 φανερὸν
1098 359 1203 433 ὅτι,
1259 360 1359 417 ἐὰν
1400 361 1504 417 δύο
1546 360 1764 417 εὐθεῖαι
1803 362 1885 418 τέ-

191 466 407 522 μνωσιν
446 449 712 522 ἀλλήλας,
766 449 864 515 τὰς
908 448 1048 521 πρὸς
1092 453 1158 522 τῇ
1205 453 1346 523 τομῇ
1385 455 1592 520 γωνίας
1629 451 1884 522 τέτρασιν

190 538 393 611 ὀρθαῖς
432 546 555 605 ἴσας
593 538 968 610 ποιήσουσιν.]
1353 532 1356 534 ’

995 655 1095 716 ις’.

301 745 564 812 Παντὸς
609 745 941 819 τριγώνου
988 749 1138 816 μιᾶς
1176 749 1306 801 τῶν
1345 750 1647 818 πλευρῶν
1687 763 1886 818 προσ-

191 839 630 907 εκβληθείσης
668 833 702 906 ἡ
746 832 927 900 ε’κτός
957 839 1166 905 γωνία
1198 834 1511 907 ἑκατέρας
1542 838 1672 891 τῶν
1698 834 1886 901 ἐντὸς

189 925 296 982 καὶ
335 922 740 980 ἀπεναντίον
779 926 1042 995 γωνιῶν
1082 927 1318 994 μείζων
1359 924 1558 979 ἐστίν.

286 1012 468 1070 ’Έστω
499 1018 776 1085 τρίγωνον
807 1010 870 1068 τὸ
902 1016 1084 1082 ΑΒΓ,
1122 1011 1214 1066 καὶ
1246 1012 1752 1084 προσεκβεβλήσθω
1788 1011 1887 1068 αὐ-

190 1107 293 1160 τοῦ
339 1108 440 1175 μία
485 1101 696 1175 πλευρὰ
744 1100 778 1173 ἡ
828 1106 938 1157 ΒΓ
978 1101 1065 1157 ἐπὶ
1104 1099 1167 1156 τὸ
1211 1107 1287 1156 Δ·
1327 1102 1489 1172 λέγω,
1532 1100 1618 1156 ὅτι
1657 1099 1691 1172 ἡ
1734 1100 1888 1167 ἐκτὸς

187 1197 367 1264 γωνία
414 1189 448 1263 ἡ
495 1189 605 1247 ὑπὸ
647 1195 812 1245 ΑΓΔ
850 1194 1051 1261 μείζων
1092 1190 1242 1245 ἐστὶν
1283 1190 1541 1260 ἑκατέρας
1578 1193 1691 1245 τῶν
1732 1187 1888 1255 ἐντὸς

186 1283 280 1338 καὶ
319 1279 657 1337 ἀπεναντίον
695 1281 808 1335 τῶν
847 1275 956 1334 ὑπὸ
999 1283 1183 1348 ΓΒΑ,
1221 1284 1393 1334 ΒΑΓ
1424 1281 1663 1348 γωνιῶν.

305 1368 611 1441 Τετμήσθω
650 1366 684 1440 ἡ
719 1376 771 1423 A
782 1373 834 1423 Γ
852 1371 980 1438 δίχα
1010 1365 1148 1421 κατὰ
1182 1365 1244 1422 τὸ
1274 1372 1336 1437 Ε,
1375 1367 1467 1421 καὶ
1502 1368 1887 1438 ἐπιζευχθεῖσα

187 1457 222 1530 ἡ
262 1465 373 1515 ΒΕ
409 1457 769 1529 ἐκβεβλήσθω
812 1454 895 1512 ἐπ’
940 1452 1166 1521 εὐθείας
1206 1455 1292 1510 ε’πὶ
1324 1453 1387 1510 τὸ
1431 1461 1494 1524 Ζ,
1545 1456 1635 1510 καὶ
1674 1460 1885 1511 κείσθω

188 1551 252 1622 τῇ
293 1553 404 1603 ΒΕ
441 1554 531 1618 ἴση
573 1544 607 1618 ἡ
647 1551 770 1616 ΕΖ,
817 1545 908 1599 καὶ
950 1542 1259 1615 ἐπεζεύχθω
1300 1541 1334 1614 ἡ
1378 1548 1495 1613 ΖΓ,
1534 1544 1627 1598 καὶ
1667 1543 1886 1615 διήχθω

188 1635 223 1708 ἡ
265 1641 380 1692 ΑΓ
412 1635 498 1692 ἐπὶ
537 1634 600 1690 τὸ
634 1637 708 1689 Η.

296 1717 590 1780 Ἐπεὶοῦν
632 1730 723 1794 ἴση
765 1722 915 1778 ε’στὶν
955 1719 989 1792 ἡ
1030 1720 1133 1792 μὲν
1172 1727 1288 1775 ΑΕ
1320 1723 1386 1793 τῇ
1429 1725 1555 1790 ΕΓ,
1603 1718 1637 1791 ἡ
1680 1720 1742 1777 δὲ
1780 1726 1892 1776 ΒΕ

188 1818 253 1888 τῇ
304 1819 433 1885 ΕΖ,
481 1811 586 1869 δύο
636 1810 704 1883 δὴ
756 1813 818 1866 αἰ
854 1816 981 1880 ΑΕ,
1007 1815 1112 1864 ΕΒ
1153 1809 1282 1865 δυσὶ
1322 1821 1442 1874 ταῖς
1480 1813 1601 1879 ΓΕ,
1627 1815 1730 1864 ΕΖ
1772 1817 1886 1864 ἴσαι

190 1903 334 1959 εἰσὶν
375 1902 604 1971 ἑκατέρα
643 1900 892 1972 ἑκατέρᾳ·
932 1897 1026 1952 καὶ
1064 1901 1243 1968 γωνία
1282 1895 1316 1968 ἡ
1356 1894 1464 1952 ὑπὸ
1507 1903 1672 1953 ΑΕΒ
1709 1902 1889 1972 γωνίᾳ

189 1995 256 2064 τῇ
316 1988 426 2046 ὑπὸ
470 1993 636 2044 ΖΕΓ
683 1995 775 2058 ἴση
826 1989 997 2042 ἐστίν·
1051 1983 1189 2041 κατὰ
1235 1983 1494 2058 κορυφὴν
1543 1984 1673 2057 γάρ·
1728 1985 1890 2055 βάσις

190 2079 301 2152 ἄρα
340 2077 374 2151 ἡ
416 2084 523 2134 ΑΒ
564 2076 725 2149 βάσει
762 2079 828 2149 τῇ
871 2079 978 2130 ΖΓ
1006 2082 1097 2146 ἴση
1141 2067 1312 2144 ἐστίν,
1350 2074 1443 2129 καὶ
1482 2073 1546 2129 τὸ
1580 2081 1752 2130 ΑΒΕ
1778 2081 1888 2148 τρί-

189 2190 378 2240 γωνον
424 2170 500 2243 τῷ
544 2170 709 2222 ΖΕΓ
746 2163 999 2238 τριγῶνςο
1058 2163 1208 2218 ἐστὶν
1256 2170 1408 2233 ἴσον,
1447 2163 1540 2217 καὶ
1588 2165 1650 2218 αἱ
1696 2163 1888 2219 λοιπαὶ

189 2261 391 2328 γωνίαι
436 2267 558 2321 ταῖς
603 2261 821 2318 λοιπαῖς
866 2256 1096 2323 γωνίαις
1143 2258 1259 2308 ἴσαι
1307 2252 1451 2307 εἰσὶν
1503 2252 1731 2324 ἑκατέρα
1770 2252 1888 2308 ἕκα-

190 2348 341 2421 τέρᾳ,
391 2342 494 2417 ὑφ’
546 2341 613 2409 ἃς
652 2345 713 2398 αἱ
750 2350 865 2398 ἴσαι
904 2341 1139 2413 πλευραὶ
1170 2339 1595 2397 ὑποτείνουσιν·
1645 2347 1736 2411 ἴση
1778 2339 1888 2412 ἄρα

194 2435 345 2492 ἐστὶν
391 2431 426 2505 ἡ
465 2431 576 2489 ὑπὸ
611 2438 783 2488 ΒΑΕ
823 2434 889 2503 τῇ
929 2428 1040 2485 ὑπὸ
1082 2435 1256 2485 ΕΓΖ.
1319 2435 1518 2501 μείζων
1560 2430 1626 2485 δέ
1661 2431 1811 2485 ἐστιν
1851 2427 1886 2500 ἡ

284 2588 324 2628 1.
356 2580 694 2639 πόρισμα-4.
718 2578 958 2636 ποιοῦσιν]
979 2591 1066 2621 om.
1092 2577 1219 2622 PVb
1252 2579 1299 2621 eb
1331 2577 1449 2622 alter
1481 2578 1627 2623 codex
1659 2576 1885 2633 Grynaei3

192 2642 241 2686 in
286 2657 318 2699 p
364 2641 539 2698 legissur
572 2655 600 2684 a
629 2654 691 2685 m.
717 2644 766 2694 2;
804 2638 854 2682 in
885 2637 921 2680 B
952 2636 1001 2680 in
1031 2638 1127 2682 imo
1158 2652 1249 2694 mg.
1283 2652 1345 2681 m.
1374 2642 1420 2691 13
1477 2637 1655 2682 habent
1684 2637 1735 2691 F,
1774 2636 1887 2680 Pro-

195 2702 307 2756 clus,
331 2700 510 2746 Psellus
541 2715 586 2757 p.
598 2704 676 2753 363
724 2697 942 2767 iang.
966 2711 1027 2741 m.
1046 2702 1071 2740 2
1106 2696 1280 2754 legitur
1318 2710 1424 2741 cum
1456 2696 1604 2741 altero
1637 2696 1739 2740 cod.
1773 2694 1888 2751 Gry-

194 2759 321 2805 naei:
356 2757 410 2805 ἐκ
442 2757 501 2816 δὴ
534 2756 704 2803 τούτου
737 2771 962 2813 φανερον,
994 2750 1068 2800 ὅτι
1102 2752 1189 2800 ἐὰν
1221 2751 1573 2812 ὁσαιδηποτοῦν
1599 2751 1789 2799 εὐθεῖαι
1814 2753 1887 2799 τέ-

195 2834 371 2876 μνωσιν
410 2814 635 2875 ἀλλήλας,
680 2813 766 2868 τὰς
803 2812 921 2872 πρὸς
959 2815 1015 2871 τῇ
1056 2815 1174 2872 τομῇ
1214 2816 1387 2871 γωνίας
1425 2812 1672 2871 τέσσαρσιν
1713 2809 1889 2869 ὀρθαῖς

194 2879 298 2928 ἴσας
336 2875 608 2934 ποιήσουσις
655 2876 782 2921 idem
819 2889 912 2931 mg.
954 2890 1015 2918 m.
1045 2880 1067 2918 1
1110 2874 1340 2931 praebent
1376 2874 1412 2917 F
1454 2873 1711 2929 (τέτρασιν,
1749 2869 1887 2928 ποιή-

195 2938 374 2993 σουσιν)
408 2939 456 2981 ef,
485 2937 516 2981 b
549 2934 824 2992 (τέτταρσιν,
855 2931 1150 2990 ποιήσουσιν)
1184 2934 1232 2979 et
1254 2933 1421 2978 habuit
1443 2932 1646 2988 Psellus;
1692 2931 1886 2976 Proclus
