1956 3074
121 1026 176 1067 10

205 95 312 148 268
837 94 1175 138 mommsen
1206 90 1268 151 γ’.

204 214 343 285 με’νη
399 212 697 284 ἐφάπτεται
750 216 852 269 τοῦ
904 212 1137 268 κύκλου·
1205 210 1239 284 ἡ
1282 218 1392 268 ΔΒ
1441 210 1551 285 ἄρα
1601 211 1902 284 ἐφάπτεται

202 305 305 358 τοῦ
344 305 518 357 ΑΒΓ
561 302 789 358 κύκλου.
876 299 1083 372 ὁμοίως
1137 299 1206 371 δὴ
1256 299 1638 373 δειχθήσεται,
1684 296 1790 356 κᾶν
1834 299 1898 356 τὸ

203 391 440 463 κέντρον
480 389 569 446 ἐπὶ
602 385 706 461 τῆς
742 394 858 444 ΑΓ
887 388 1148 462 τυγχάνῃ.

312 477 444 535 Ἐὰν
492 477 602 547 ἄρα
638 478 850 533 κύκλου
889 481 1084 551 ληφθῇ
1123 500 1175 533 τι
1215 489 1448 550 σημεῖον
1485 476 1658 547 ἐκτός,
1697 475 1806 533 ἀπὸ
1839 476 1904 533 δὲ

205 571 308 624 τοῦ
362 571 597 639 σημείου
649 567 790 639 πρὸς
843 564 943 622 τὸν
987 565 1198 622 κύκλον
1247 570 1630 638 προσπίπτωσι
1670 565 1776 622 δύο
1816 563 1902 621 εὖ·

204 664 379 727 θεῖαι,
417 655 511 711 καὶ
550 653 585 727 ἡ
625 654 728 727 μὲν
759 653 948 711 αὐτῶν
978 656 1147 729 τέμνῃ
1179 654 1282 711 τὸν
1313 654 1540 726 κύκλον,
1581 653 1615 727 ἡ
1649 653 1711 710 δὲ
1735 670 1901 727 προσ-

205 749 401 818 πίπτῃ,
462 737 498 817 ᾗ
556 743 618 800 δὲ
665 732 746 800 τὸ·
770 741 882 799 ὑπὸ
938 742 1071 815 ὅλης
1129 747 1228 815 τῆς
1287 742 1596 816 τεμνούσης
1655 742 1748 799 καὶ
1807 746 1907 815 τῆς

207 832 364 899 ἐκτὸς
417 831 955 904 ἀπολαμβανομένης
1007 830 1211 903 μεταξὺ
1263 835 1365 888 τοῦ
1412 853 1470 887 τε
1525 836 1758 904 σημείου
1810 831 1904 886 καὶ

206 926 304 994 τῆς
340 924 546 994 κυρτῆς
583 925 939 994 περιφερείας
978 927 1106 977 ἴσον
1144 924 1220 997 τῷ
1261 919 1362 976 ἀπὶ
1405 924 1501 992 τῆς
1531 919 1903 992 προσπιπτού-

209 1028 328 1084 σης,
366 1009 401 1084 ἡ
443 1014 868 1083 προσπίπτουσα
908 1009 1177 1082 ἐφάψεται
1208 1013 1309 1065 τοῦ
1342 1009 1584 1066 κύκλου·
1625 1007 1760 1082 ὅπερ
1793 1012 1907 1065 ἔδει

209 1103 400 1168 δεῖξαι.

330 1312 371 1351 1.
405 1307 513 1365 τοῦ]
545 1307 630 1352 τοῦ
660 1309 800 1351 ΑΒΓ
825 1306 921 1373 Vp,
955 1304 991 1348 F
1014 1321 1073 1350 m.
1101 1310 1142 1350 2.
1279 1305 1364 1349 τοῦ
1397 1303 1594 1350 κύκλου·
1627 1301 1655 1361 ἡ
1691 1307 1779 1349 ΔΒ
1811 1301 1906 1359 ἄρα

211 1363 497 1425 ἐφάπτεται]
532 1381 625 1424 mg.
659 1380 719 1411 m.
742 1371 764 1411 1
793 1366 852 1419 133
884 1368 999 1410 1tem
1030 1366 1080 1416 P,
1113 1364 1278 1410 addito
1309 1365 1397 1408 καί
1422 1365 1532 1409 ante
1563 1365 1661 1409 τοῦ.
1754 1359 1784 1420 ἦ
1817 1366 1906 1408 ΛΒ

212 1452 266 1459 -
287 1430 328 1471 2.
354 1422 552 1484 κύκλου]
586 1439 677 1470 om.
710 1441 763 1483 p3
796 1440 888 1484 mg.
922 1440 981 1470 m.
1008 1429 1034 1469 2
1067 1423 1123 1469 V.
1234 1429 1274 1468 2.
1308 1419 1391 1483 δή]
1424 1422 1478 1468 δέ
1511 1423 1567 1480 V,
1600 1437 1716 1470 corr.
1747 1438 1807 1467 m.
1834 1427 1875 1468 2.

211 1490 253 1530 3.
286 1485 402 1544 ΑΓ]
438 1488 482 1529 Γ
506 1485 557 1530 in
586 1499 676 1530 ras.
707 1499 768 1529 m.
798 1490 819 1528 1
855 1484 905 1528 Β.
998 1500 1053 1527 τυ
1086 1479 1221 1539 zeina
1252 1484 1303 1539 Ρ,
1337 1497 1451 1530 corr.
1484 1497 1544 1527 m.
1572 1488 1611 1528 1.
1735 1487 1776 1526 4.
1809 1476 1907 1526 α’πό

210 1542 265 1591 δὲ
291 1570 346 1578 -—
377 1548 445 1592 10.
477 1542 675 1603 κύκλου]
707 1543 788 1589 καὶ
818 1539 877 1589 τὰ
912 1541 1020 1601 ἑξῆς
1095 1541 1279 1601 BFVp.
1387 1548 1455 1589 11.
1489 1536 1754 1588 Εὖκλείδου
1785 1555 1907 1586 «mna

211 1606 352 1661 κείων
384 1607 412 1661 ’ᾦ
443 1603 543 1661 ΡΒ,
576 1600 840 1649 Εὐκλείδου
873 1603 1114 1660 στοιχείων
1145 1602 1227 1660 τῆς
1253 1599 1443 1654 Θέωνος
1476 1597 1707 1653 ἐκδόσεως
1736 1605 1767 1657 ’γ’
1796 1601 1845 1647 F.
