1956 3074
522 120 982 165 ELEMENTORUM
1010 117 1192 160 LIBER
1221 117 1303 161 111.
1690 110 1796 163 199

104 247 239 314 dico,
293 246 496 297 rectam
538 246 604 311 Z,
660 244 727 294 H
764 239 1179 308 coniungentem
1225 253 1323 305 per
1374 236 1637 303 punctum
1676 250 1798 287 con-

101 337 280 388 tactus
320 337 373 385 A
409 332 503 384 ire.
1686 394 1693 401 ι

215 440 284 474 ne
325 423 412 473 eat
451 419 611 486 enim,
651 417 744 470 sed
785 415 832 469 si
869 415 986 468 fieri
1024 416 1219 483 potest,
1263 410 1421 464 eadat
1459 413 1521 463 ut
1562 412 1800 479 ΖΓΔΗ,

105 517 162 564 et
201 511 463 563 ducantur
501 512 555 559 A
565 510 625 575 Z,
665 508 796 559 AH.
851 504 961 557 iam
1001 502 1257 572 quoniam
1298 504 1343 552 Z
1382 502 1639 570 punctum
1681 517 1799 552 een-

105 603 251 653 trum
299 599 382 649 est
422 595 607 650 circuli
646 596 832 662 ΑΒΓ,
879 593 984 645 erit
1025 595 1131 644 ZA
1157 616 1226 633 =
1254 592 1368 643 ΖΓ.
1444 606 1630 642 rursus
1670 605 1802 657 quo-

107 689 254 741 niam
294 689 359 739 H
389 687 651 755 punctum
692 685 937 736 centrum
978 683 1062 733 est
1100 679 1287 733 circuli
1320 681 1510 746 ΑΔΕ,
1547 676 1653 752 prib

1090 773 1142 821 Α
1152 771 1218 820 Η
1236 793 1305 810 =
1330 770 1468 819 HA.

231 853 283 896 B
728 859 823 912 sed
862 858 1288 911 demonstratum
1329 858 1425 925 est,
1465 855 1629 908 e'ciam

118 903 393 1050 ff*
729 952 837 1000 ZA
862 973 931 990 =
959 949 1074 999 ΖΓ.
1150 946 1335 1014 itaque

854 1033 1515 1102 ΖΑ-Ι-ΑΗ--ΖΓ-Ι-
1542 1035 1679 1084 ΗΔ.

731 1142 894 1195 quare
943 1126 1143 1184 ZH>
1178 1127 1284 1175 ZA
1311 1125 1377 1189 -Ι-
1405 1124 1538 1174 AH.
1614 1138 1806 1173 uerum

733 1214 899 1266 etiam
954 1215 1148 1271 ZH<
1174 1215 1281 1264 ZA
1308 1213 1374 1278 -Ι-
1402 1213 1529 1263 ΑΗ
1576 1208 1646 1278 [1,
1687 1209 1806 1277 20];

734 1300 876 1371 quod
909 1301 1028 1353 fieri
1057 1319 1170 1354 non
1200 1303 1398 1370 potest.
1444 1298 1628 1368 itaque
1659 1300 1809 1351 recssa

736 1393 803 1459 Ζ,
843 1393 908 1442 H
951 1390 1285 1460 coniungens
1341 1390 1494 1441 extra
1533 1389 1808 1456 >punctum

736 1482 1017 1532 contactus
1057 1484 1110 1531 A
1158 1497 1268 1532 non
1315 1478 1432 1530 ibib.
1510 1494 1674 1545 quare
1714 1493 1809 1545 per

737 1573 790 1620 A
827 1568 945 1620 ibit.

234 1659 384 1729 Ergo
425 1662 471 1710 si
503 1657 607 1710 duo
645 1655 832 1709 circuli
864 1656 1195 1708 extrinsecus
1229 1655 1551 1725 continguniz
1581 1654 1723 1706 insser
1755 1670 1812 1706 se

114 1750 265 1801 recta
302 1750 488 1799 centra
528 1763 713 1798 eorum
753 1744 1084 1814 coniungens
1115 1761 1212 1813 per
1242 1746 1503 1812 punctum
1529 1745 1810 1796 contaetus

116 1838 241 1907 ibit3
281 1835 429 1906 quod
469 1838 585 1888 erat
625 1833 1119 1887 demonstrandum.

889 2009 1036 2063 XIII.

235 2115 478 2171 Circulus
519 2116 776 2169 circulum
815 2133 923 2167 non
963 2114 1233 2183 contingit
1275 2114 1332 2166 in
1370 2113 1618 2183 pluribus
1649 2131 1814 2183 punc-

120 2208 197 2260 tis
238 2225 399 2277 quam
438 2206 497 2258 in
528 2223 653 2273 uno,
693 2204 805 2257 siue
838 2205 985 2256 intra
1019 2203 1133 2256 siue
1165 2203 1497 2256 extrinsecus
1531 2204 1817 2275 contingit.

236 2313 364 2347 nam
427 2295 472 2347 si
536 2294 650 2346 fieri
703 2296 906 2363 potesta,
971 2293 1202 2346 circulus
1264 2294 1488 2346 ΑΒΓΔ
1557 2292 1817 2345 circulum

123 2387 350 2437 ΕΒΖΔ
373 2383 522 2451 prius
553 2382 700 2434 intra
731 2382 1017 2451 confingat
1048 2382 1105 2434 in
1136 2381 1384 2451 pluribus
1415 2381 1630 2451 puncbis
1655 2399 1818 2450 quam

126 2579 197 2618 18.
231 2569 340 2632 οὐκ]
374 2586 514 2631 supra
543 2588 603 2616 m.
623 2571 778 2625 2PV.'
870 2567 991 2616 κατὰ
1024 2569 1082 2616 toi
1114 2571 1169 2626 V,
1203 2570 1284 2615 sed
1317 2584 1433 2615 corr.
1559 2577 1628 2616 19.
1663 2566 1816 2628 ἐντός]

129 2628 262 2683 ἐντὸς
293 2628 561 2689 ἐφάπτηται
593 2632 651 2685 Ρ;
686 2627 820 2683 ἐκτός
850 2631 886 2675 Β
922 2633 970 2675 et
1000 2630 1043 2674 V
1075 2645 1134 2674 m.
1160 2635 1186 2674 2
1222 2626 1373 2686 (ἐντός
1405 2645 1466 2673 m.
1495 2631 1553 2685 1).
1663 2626 1817 2688 ἐκτός]

132 2687 264 2742 ἐντός
294 2690 398 2736 BV.
511 2696 582 2736 20.
618 2687 906 2749 ἐφάπτηται]
943 2704 1031 2735 om.
1065 2689 1115 2733 P.
1230 2695 1301 2734 21.
1335 2689 1533 2745 ΑΒΓΔ]
1568 2692 1705 2733 ΑΒΓ
1731 2689 1817 2734 lae.

133 2755 155 2792 1
181 2748 271 2795 litt.
305 2766 355 2806 φ.
478 2755 549 2795 22.
593 2753 700 2806 EZ,
733 2753 820 2794 ΖΔ
853 2748 910 2806 P,
950 2763 1063 2794 corr.
1098 2764 1157 2792 m.
1190 2762 1280 2793 rec.
1405 2742 1629 2793 ἁπτέσθω
1664 2749 1740 2806 Bp
1773 2750 1821 2793 et

129 2807 165 2851 F
198 2823 257 2855 m.
284 2814 306 2853 1
341 2812 473 2866 (corr.
505 2825 564 2854 m.
591 2814 650 2866 2).
774 2814 844 2854 23.
878 2814 934 2863 Δ,
967 2808 1024 2866 Β]
1059 2811 1107 2864 Β,
1143 2813 1183 2851 Δ
1217 2808 1306 2864 Pp.
