1956 3074
185 164 290 216 128
817 168 1153 211 ΣΤΟΙΧΕΙΩΝ
1187 164 1250 227 β’.

183 287 298 339 ἔστι
339 283 401 339 δὲ
438 285 531 340 καὶ
569 283 636 339 τὰ
661 290 788 355 ΘΖ,
814 289 926 340 ΓΚ
961 285 1278 358 τετράγωνα
1317 284 1425 342 άπὸ
1465 290 1579 343 τῶν
1617 293 1876 358 ΑΓ,ΓΒ·
1936 280 1939 338 J

182 371 249 427 τὰ
291 370 401 444 ἄρα
438 373 682 445 τέσσαρα
719 371 787 428 τὰ
818 379 945 445 ΘΖ,
978 379 1113 446 ΓΚ,
1147 381 1289 446 ΑΗ,
1323 381 1440 430 ΗΕ
1476 382 1570 431 ἴσα
1610 378 1724 432 ἐστὶ
1763 389 1880 444 τοῖς

183 482 241 516 τε
296 458 408 517 άπὸ
463 465 577 517 τῶν
616 465 740 532 ΛΓ,
780 465 883 516 ΓΒ
935 463 1304 535 τετραγώνοις
1355 463 1449 519 καὶ
1502 467 1579 540 τῷ
1635 465 1722 531 δὶς
1766 464 1876 523 ὑπὸ

182 552 299 605 τών
339 554 464 620 ΑΓ,
504 554 605 604 ΓΒ
644 551 1016 626 περιεχομένῳ
1058 549 1409 627 ὀρθογωνίῳ.
1470 549 1612 607 ἀλλὰ
1650 552 1718 607 τὰ
1758 560 1879 626 ΘΖ,

127 647 153 688 5
185 643 320 710 ΓΚ,
360 643 504 709 ΑΗ,
544 643 663 692 ΗΕ
715 637 851 695 ὅλον
906 639 1020 695 ἐστὶ
1073 637 1136 694 τὸ
1178 646 1435 710 ΑΔΕΒ,
1492 638 1523 696 ὅ
1571 642 1723 696 ἐστιν
1768 640 1878 699 άπὸ

183 731 281 798 τῆς
311 733 420 782 ΑΒ
459 726 832 799 τετράγωνον·
871 725 935 782 τό
976 725 1086 798 ἄρα
1125 724 1235 782 άπὸ
1267 731 1364 799 τῆς
1388 734 1497 783 ΑΒ
1527 729 1880 801 τετράγωνον

186 822 314 871 ἴσον
364 814 478 871 ἐστὶ
525 826 641 881 τοῖς
679 838 737 871 τε
776 813 885 871 άπὸ
925 819 1039 872 τῶν
1077 821 1201 887 ΑΓ,
1242 821 1343 872 ΓΒ
1381 816 1750 890 τετραγώνοις
1788 820 1880 875 καὶ

183 906 259 980 τῷ
302 903 388 970 δὶς
426 901 536 960 ὑπὸ
575 908 690 960 τῶν
729 909 853 974 ΑΓ,
894 909 996 960 ΓΒ
1034 907 1406 981 περιεχομένῳ
1449 904 1801 983 ὀρθογωνίῳ.

291 990 423 1047 Ἐὰν
455 990 566 1065 ἄρα
598 991 792 1048 εὐθεῖα
823 991 1048 1066 γραμμὴ
1079 998 1285 1067 τμηθῇ,
1319 992 1393 1060 ὥς
1424 998 1634 1067 ἔτυχεν,
1673 994 1736 1052 τὸ
1771 994 1878 1052 ἀπὸ

100 1091 155 1132 10
186 1084 284 1152 τῆς
324 1079 456 1153 ὅλης
493 1081 845 1155 τετράγωνον
885 1089 1012 1139 ἴσον
1053 1082 1169 1139 ἐστὶ
1206 1093 1323 1148 τοῖς
1361 1104 1418 1139 τε
1457 1081 1567 1139 άπὸ
1605 1087 1719 1141 τῶν
1750 1107 1881 1157 τμη-

185 1168 375 1240 μάτων
429 1169 799 1243 τετραγώνοις
852 1171 946 1227 καὶ
998 1175 1074 1248 τῷ
1131 1171 1219 1238 δὶς
1263 1170 1372 1228 ὑπὸ
1420 1175 1534 1228 τῶν
1580 1172 1880 1245 τμημάτων

184 1259 556 1335 περιεχομένῳ
599 1257 964 1336 ὀρθογωνίῳ·
1006 1259 1141 1333 ὅπερ
1182 1265 1294 1317 ἔδει
1335 1262 1522 1328 δεῖξαι.

864 1424 1206 1495 [Πόρισμα.

293 1522 384 1579 Ἐκ
430 1523 500 1597 δὴ
548 1527 752 1583 τούτου
799 1525 1069 1598 φανερόν,
1118 1524 1204 1582 ὅτι
1252 1527 1314 1582 έν
1357 1535 1478 1593 ’τοῖς
1515 1526 1883 1599 τετραγώνοις
1953 1538 1956 1557 ³

102 1623 156 1665 15
188 1618 414 1685 χωρίοις
459 1612 525 1670 τὰ
565 1616 690 1688 περὶ
728 1614 832 1688 τὴν
873 1615 1174 1689 διάμετρον
1212 1615 1762 1690 παραλληλόγραμμα
1801 1639 1882 1673 τε-

182 1701 442 1774 τράγωνά
484 1704 677 1773 ἐστιν].

1004 1889 1030 1924 ε
1058 1914 1068 1924 .

294 1966 443 2026 Ἐὰν
512 1969 746 2027 εὐθεῖα
814 1970 1077 2045 γραμμὴ
1146 1974 1364 2045 τμηθῇ
1435 1973 1528 2037 εἰς
1599 1977 1707 2027 ἴσα
1776 1971 1882 2026 καὶ

185 2056 418 2129 ἄνισα,
456 2059 527 2116 τὸ
568 2058 693 2117 ὑπὸ
733 2064 861 2117 τῶν
899 2058 1159 2116 ἀνίσων
1196 2063 1308 2132 τῆς
1347 2058 1503 2131 ὅλης
1533 2059 1882 2133 τμημάτων

108 2156 165 2197 20
195 2147 673 2220 περιεχόμενον
730 2146 1156 2222 ὀρθογώνιον
1210 2150 1367 2220 μετὰ
1421 2151 1540 2204 τοῦ
1593 2146 1717 2204 ἀπὸ
1771 2152 1884 2220 τῆς

189 2234 434 2307 μεταξὺ
485 2240 612 2293 τών
668 2239 885 2309 τομῶν
939 2237 1356 2311 τετραγώνου
1411 2243 1561 2294 ἴσον
1609 2237 1746 2293 ἐστὶ
1798 2241 1881 2311 τῷ

185 2321 310 2380 άπὸ
350 2327 462 2396 τῆς
501 2322 807 2397 ἡμισείας
844 2324 1250 2402 τετραγώνῳ.

298 2410 518 2469 Εὐθεῖα
555 2412 662 2488 γάρ
702 2435 784 2480 τις
822 2411 989 2486 ἡΑΒ
1028 2413 1322 2488 τετμήσθω
1363 2417 1442 2480 εἰς
1480 2414 1584 2486 μὲν
1619 2421 1712 2471 ἴσα
1743 2414 1880 2471 κατὰ

305 2576 381 2620 IV.
416 2574 522 2633 πόρ.
577 2575 646 2621 De
687 2577 850 2622 Proclo
879 2592 924 2635 p.
952 2583 1039 2623 304
1077 2594 1122 2623 u.
1162 2578 1222 2623 ad
1254 2578 1334 2636 IV,
1354 2582 1423 2623 15.
1604 2577 1661 2624 V.
1694 2577 1882 2624 Boetius

184 2649 230 2691 p.
256 2639 358 2692 385,
384 2640 452 2679 17.

309 2788 347 2828 1.
398 2781 523 2828 ἔστιν
557 2784 606 2828 Ρ.
759 2780 839 2843 τά]
871 2781 924 2829 τό
958 2785 1015 2838 F;
1065 2799 1179 2830 corr.
1212 2800 1274 2830 m.
1300 2789 1342 2830 2.
1495 2782 1790 2842 τετράγωνον
1822 2784 1877 2837 F;

189 2856 305 2889 corr.
339 2858 398 2887 m.
426 2848 467 2888 2.
612 2848 653 2888 2.
687 2840 765 2903 τά]
799 2844 920 2902 (alt.)
953 2845 1125 2890 om.‘F.
1248 2840 1373 2890 ἐστίν
1405 2844 1454 2889 Ρ.
1590 2849 1631 2888 3.
1664 2844 1734 2902 τε]
1768 2859 1828 2890 m.
1854 2849 1880 2888 2

187 2899 244 2946 V.
396 2906 438 2947 4.
472 2898 745 2960 ὀρθογώνια
776 2920 826 2959 φ.
978 2900 1058 2962 τά]
1091 2901 1150 2948 τὰ
1182 2901 1383 2960 τέσσαρα
1414 2902 1465 2947 Ρ.
1619 2903 1725 2961 ΘΖ]
1761 2905 1802 2947 Θ
1832 2903 1880 2947 in

186 2972 273 3004 ras.
306 2959 368 3015 V3
406 2963 493 3005 ΖΘ
523 2960 575 3008 Β.
699 2966 738 3007 5.
776 2963 898 3021 HE]
936 2965 984 3006 H
1012 2977 1037 3008 e
1070 2976 1185 3008 corr.
1216 2977 1262 3021 p.
1366 2957 1491 3007 ἐστίν
1523 2961 1571 3006 Ρ.
1692 2964 1879 3006 ΑΔΕΒ
