1956 3074
1941 0 1956 103 1η

1947 114 1956 134 ἒ

227 90 299 142 64
857 89 1194 132 ΣΤΟΙΧΕΙΩΝ
1225 105 1255 132 α
1264 85 1293 131 ’.

225 206 389 278 γωνῳ
438 213 564 261 ἴσον
612 208 786 276 ἐστίν,
834 208 925 261 καὶ
977 209 1040 261 αί
1074 206 1262 262 λοιπαὶ
1300 210 1501 276 γωνίαι
1539 216 1660 271 ταῖς
1699 211 1918 273 λοιπαῖς

224 300 454 366 γωνίαις
501 301 617 350 ἴσαι
664 298 910 365 ἔσονται,
965 293 1062 366 ὑφ’
1115 292 1181 360 ἃς
1226 296 1288 348 αί
1340 301 1455 349 ἴσαι
1501 295 1732 366 πλευραὶ
1783 292 1915 350 ὑπο·
1953 360 1956 361 ⁷

223 388 526 439 τείνουσιν·
567 389 658 454 ἴση
701 381 809 454 ἄρα
847 381 881 454 ἡ
921 381 1031 438 ὑπὸ
1064 387 1231 438 ΗΓΒ
1271 387 1448 453 γωνία
1487 385 1551 455 τῇ
1591 379 1701 436 ὑπὸ
1735 388 1916 440 ΔΖΕ.

225 470 364 527 ἀλλὰ
414 469 447 543 ἡ
495 470 603 527 ὑπὸ
656 477 828 526 ΔΖΕ
870 475 936 544 τῇ
977 469 1096 527 ὑπὸ·
1128 476 1285 526 ΒΓΑ
1323 469 1609 526 ὑπόκειται
1649 476 1762 540 ἴση·
1826 471 1916 525 καὶ
1954 471 1956 474 ’

165 558 255 631 δὴ
297 560 405 616 ὑπὸ
448 564 624 615 ΒΓΗ
656 558 765 632 ἄρα
803 563 867 632 τῇ
909 557 1018 615 ὑπὸ
1051 565 1209 615 ΒΓΑ
1248 566 1338 630 ἴση
1381 561 1549 629 ἐστίν,
1590 557 1623 629 ἡ
1665 557 1917 614 ἐλάσσων

223 653 288 721 τῇ
329 654 566 720 μείζονι·
615 646 749 719 ὅπερ
792 646 1090 703 ἀδύνατον.
1168 645 1269 703 οὐκ
1310 646 1419 718 ἄρα
1459 645 1654 713 ἄνισός
1694 649 1843 702 ἐστιν
1882 645 1916 719 ἡ

223 744 333 793 ΑΒ
372 741 438 810 τῇ
481 743 606 791 ΔΕ.
652 743 742 807 ἴση
784 735 909 806 ἄρα.
950 740 1062 792 ἔστι
1104 735 1166 791 δὲ
1203 736 1294 791 καὶ
1334 733 1368 806 ἡ
1409 740 1519 790 ΒΓ
1549 738 1614 807 τῇ
1657 741 1759 790 ΕΖ
1801 742 1914 806 ἴση·

225 825 328 882 δύο
371 824 440 896 δὴ
491 827 552 879 αί
592 831 721 893 ΑΒ,
778 830 886 879 ΒΓ
927 825 1055 880 δυσὶ
1102 835 1222 890 ταῖς
1269 830 1406 894 ΔΕ,
1464 830 1566 879 ΕΖ
1620 830 1735 879 ἴσαι
1776 825 1917 880 εἰσὶν

223 914 452 986 ἑκατέρα
485 914 726 987 ἑκατέρᾳ·
766 913 859 968 καὶ
889 917 1066 984 γωνία
1102 910 1136 984 ἡ
1169 910 1276 968 ὑπὸ
1311 920 1363 968 A
1374 917 1484 967 ΒΓ
1500 915 1678 986 γωνίᾳ
1709 916 1774 986 τῇ
1807 910 1916 970 ὑπὸ

140 1014 194 1055 10
228 1009 396 1058 ΔΕΖ
444 1003 593 1058 ἐστιν
646 1008 760 1072 ἴση·
801 1000 963 1072 βασις
1000 1003 1108 1074 ἄρα
1147 998 1182 1072 ἡ
1223 1006 1336 1057 ΑΓ
1368 1000 1527 1072 βάσει
1566 1004 1631 1073 τῇ
1676 1007 1784 1056 ΔΖ
1825 1007 1916 1073 ἴση

223 1094 395 1163 ἐστίν,
441 1092 534 1146 καὶ
574 1089 738 1162 λοιπὴ
778 1094 955 1161 γωνία
1002 1087 1035 1161 ἡ
1075 1087 1186 1144 ὑπὸ
1226 1094 1398 1144 ΒΑΓ
1427 1092 1493 1162 τῇ
1535 1092 1700 1161 λοιπῇ
1741 1094 1918 1164 γωνίᾳ

221 1183 286 1252 τῇ
326 1177 437 1235 ὑπὸ
481 1186 531 1234 Ε
541 1185 649 1234 ΔΖ
691 1185 782 1250 ἴση
826 1180 990 1244 ἐστίν.

329 1265 491 1324 Ἀλλὰ
541 1266 609 1339 δὴ
657 1267 825 1323 πάλιν
874 1271 1121 1323 ἔστωσαν
1162 1269 1222 1321 αἱ
1263 1264 1373 1322 ὑπὸ
1414 1266 1512 1332 τὰς
1552 1273 1675 1331 ἴσας
1712 1271 1919 1337 γωνίας

222 1357 455 1429 πλευραὶ
503 1355 901 1413 ὑποτείνουσαι
942 1362 1084 1426 ἴσαι,
1126 1353 1199 1421 ὡς
1238 1353 1271 1426 ἡ
1313 1362 1420 1410 ΑΒ
1471 1358 1537 1426 τῇ
1580 1362 1712 1410 ΔΕ·
1775 1355 1916 1426 λε’γω

137 1456 190 1496 15
222 1444 410 1517 πάλιν,
451 1443 537 1501 ὅτι
575 1444 668 1500 καὶ
701 1447 763 1500 αἰ
786 1444 973 1499 λοιπαὶ
1007 1444 1239 1513 πλευραὶ
1272 1455 1391 1509 ταῖς
1416 1450 1632 1509 λοιπαῖς
1656 1451 1919 1517 πλευραῖς

223 1541 338 1589 ἴσαι
393 1538 641 1604 ἔσονται,
695 1531 729 1604 ἡ
782 1533 883 1605 μὲν
931 1538 1044 1588 ΑΓ
1083 1536 1147 1605 τῇ
1198 1538 1333 1603 ΔΖ,
1382 1530 1416 1604 ἡ
1458 1531 1520 1587 δὲ
1569 1537 1677 1587 ΒΓ
1708 1535 1772 1604 τῇ
1814 1539 1917 1587 ΕΖ

220 1623 312 1678 καὶ
365 1627 443 1678 ἔτι
490 1620 524 1693 ἡ
572 1620 738 1693 λοιπὴ
785 1625 963 1692 γωνία
1002 1619 1036 1692 ἡ
1076 1619 1186 1677 ὑπὸ
1227 1625 1400 1676 ΒΑΓ
1429 1623 1495 1694 τῇ
1536 1624 1700 1694 λοιπῇ
1741 1625 1918 1694 γωνίᾳ

222 1715 287 1783 τῇ
330 1709 437 1767 ὑπὸ
480 1718 647 1766 ΕΔΖ
688 1718 779 1782 ἴση
822 1712 988 1768 ἐστίν.
1258 1717 1268 1726 ”

334 1803 406 1855 Εί
450 1798 556 1871 γὰρ
611 1798 807 1865 ἄνισός
857 1801 1005 1855 ἐστιν
1061 1796 1095 1870 ἡ
1154 1802 1263 1853 ΒΓ
1303 1801 1369 1871 τῇ
1412 1804 1545 1868 ΕΖ,
1592 1802 1690 1869 μία
1732 1796 1916 1854 αὐτῶν

131 1902 189 1942 20
221 1892 420 1960 μείζων
468 1890 631 1944 ἐστίν.
710 1892 848 1944 ἔστω
896 1893 1123 1959 μείζων,
1176 1891 1226 1943 εἰ
1264 1885 1532 1954 δυνατόν,
1572 1884 1606 1958 ἡ
1662 1891 1784 1958 ΒΓ,
1825 1886 1915 1942 καὶ

219 1981 427 2032 κείσθω
468 1980 533 2050 τῇ
575 1983 678 2032 ΕΖ
719 1974 884 2047 ἴση-ἡ
926 1983 1047 2047 ΒΘ,
1086 1976 1179 2031 καὶ
1220 1978 1527 2048 ἐπεζεύχθω
1567 1972 1601 2046 ἡ
1636 1981 1758 2030 ΑΘ.
1822 1975 1916 2030 καὶ

220 2065 335 2120 ἐπεὶ
391 2071 482 2136 ἴση
532 2066 681 2121 ἐστὶν
728 2089 762 2137 η
811 2064 912 2136 μὲν
952 2071 1058 2119 ΒΘ
1096 2068 1161 2138 τῇ
1204 2071 1308 2120 ΕΖ
1345 2087 1377 2136 η
1426 2065 1487 2120 δὲ
1527 2070 1636 2119 ΑΒ
1677 2067 1742 2137 τῇ
1785 2070 1915 2134 ΔΕ,

222 2153 327 2210 δύο
384 2152 454 2225 δὴ
510 2156 571 2209 αί
614 2159 749 2224 ΑΒ,
797 2159 900 2209 ΒΘ
950 2154 1077 2209 δυσὶ
1090 2165 1244 2249 οταῖς
1285 2159 1418 2224 ΔΕ,
1467 2158 1571 2209 ΕΖ
1612 2159 1728 2207 ἴσαι
1772 2153 1915 2208 εἰσὶν

221 2242 450 2349 ἑκατέρα
490 2243 740 2316 ἑκατέρᾳ·
787 2242 879 2296 καὶ
918 2214 1126 2312 γωνίας
1165 2248 1289 2306 ἴσας
1326 2241 1700 2314 περιέχουσιν·
1751 2241 1915 2312 βασις

133 2344 189 2386 25
222 2329 331 2401 οέρα
371 2328 405 2402 ἡ
446 2337 555 2387 ΑΘ
594 2329 754 2401 βάσει
792 2334 858 2403 τῇ
888 2337 1000 2385 ΔΖ
1041 2338 1131 2402 ἴση
1175 2331 1343 2400 ἐστίν,
1382 2329 1475 2385 καὶ
1507 2327 1569 2385 τό
1605 2335 1771 2385 ΑΒΘ
1801 2333 1910 2399 τρί-

219 2441 408 2490 γωνον
454 2422 529 2495 τῷ
580 2426 746 2474 ΔΕΖ
792 2418 1045 2495 τριγώνῳ
1096 2426 1222 2474 ἴσον
1263 2420 1439 2489 ἐστίν,
1493 2418 1586 2473 καὶ
1627 2422 1690 2474 αἱ
1724 2417 1913 2473 λοιπαὶ

219 2512 421 2578 γωνίαι
467 2519 587 2573 ταῖς
633 2514 851 2575 λοιπαῖς
892 2513 1122 2579 γωνίαις
1162 2514 1277 2563 ἴσαι
1318 2510 1559 2577 ἔσονται,
1607 2504 1706 2578 ὑφ’
1751 2503 1817 2572 ἃς
1856 2508 1918 2561 αί

221 2604 338 2651 ἴσαι
374 2596 609 2668 πλευραὶ
640 2595 1060 2653 ὑποτείνουσιν·
1103 2603 1193 2667 ἴση
1229 2594 1337 2702 ἄρα
1371 2595 1522 2652 ἐστὶν
1554 2593 1588 2667 ἡ
1614 2593 1722 2651 ὑπὸ
1748 2601 1914 2650 ΒΘΑ

220 2689 398 2756 γωνία
436 2688 502 2758 τῇ
542 2683 651 2742 ὑπὸ
680 2692 863 2742 ΕΖΔ.
932 2683 1077 2741 ἄλλα
1118 2682 1151 2755 ἡ
1185 2682 1295 2740 ὑπὸ
1323 2689 1492 2739 ΕΖΔ
1523 2688 1588 2757 τῇ
1622 2682 1730 2740 ὑπὸ
1757 2688 1914 2739 ΒΓΑ

341 2825 380 2863 1.
414 2815 509 2864 ἐστι
494 2819 696 2892 ι’ν]ΡΕ’;
744 2833 890 2876 comp.
924 2819 1016 2875 bp3
1061 2814 1156 2862 ἐστι
1150 2818 1247 2872 ’ςΒ
1283 2814 1409 2862 ἔσται
1442 2817 1498 2864 V.
1650 2822 1688 2862 2
1727 2814 1913 2862 ἔσονται

222 2873 422 2936 ἑκατέρα
457 2875 658 2940 ἑκατέρα
686 2855 745 2924 V.
928 2883 968 2921 4.
1020 2873 1069 2935 ἡ]
1105 2889 1243 2933 supra
1275 2877 1329 2921 V.
1485 2877 1644 2935 ΔΖΕ]
1679 2878 1818 2920 ΔΕΖ
1849 2875 1913 2930 F,
