1956 3074
538 96 999 137 ELEMENTORUM
1028 96 1211 136 LIBER
1240 97 1274 138 I.
1683 94 1750 148 79

59 219 180 270 ΓΕ.
243 219 298 268 et
337 215 590 285 quoniam
630 218 737 266 AB
778 217 958 266 rectae
998 216 1107 266 ΓΕ
1141 215 1405 282 parallela
1444 218 1551 285 est,
1603 219 1657 268 et
1696 217 1752 269 in
1842 260 1844 262 .

11 308 12 312 ’
62 323 153 358 eas
192 303 381 357 incidit
419 305 552 370 ΑΓ,
607 303 795 372 anguli
842 302 1038 354 alterni
1077 305 1265 371 ΒΑΓ,
1306 306 1478 355 ΑΓΕ
1512 305 1655 357 inter
1695 323 1751 357 se

40 393 314 462 aequales
371 394 499 445 sunt
555 387 736 459 [piop.
776 389 998 456 XXIX].
1090 408 1279 443 rursus
1333 392 1590 460 quoniam
1644 397 1750 446 AB

58 485 236 535 rectae
274 483 383 533 ΓΕ
417 480 680 549 parallela
720 480 825 544 est,
872 482 926 531 et
966 479 1023 531 in
1062 497 1154 532 eas
1202 479 1391 532 incidit
1435 483 1584 550 reeqa
1623 484 1751 549 BA,

57 571 288 640 angulus
327 569 655 622 extrinsecus
694 567 906 636 posissus
947 570 1109 620 ΕΓΔ
1148 568 1388 637 aequalis
1427 571 1512 621 est
1552 570 1750 638 angulo

4 691 5 707 ¹
55 658 301 713 interiori
340 661 395 710 ek
433 658 684 727 opposito
709 658 883 708 ΑΒΓ
916 658 1090 726 [prop.
1115 657 1335 724 XXIX}
1401 657 1493 710 sed
1534 656 1750 711 demon·

57 749 288 801 stratum
329 749 427 815 est,
465 764 580 798 esse
622 746 785 798 etiam
825 748 995 798 ΑΓΕ
1017 771 1086 789 =
1112 748 1291 799 ΒΑΓ.
1355 765 1520 815 quare

532 836 699 887 ΑΓΔ
725 859 793 877 --
821 836 994 887 ΒΑΓ
1012 836 1078 902 -l-
1107 838 1278 888 ΑΒΓ

0 907 1 914 ¹
53 925 402 978 interioribus
436 926 490 977 et
521 923 787 992 oppositis
831 925 899 990 [κ.
941 925 1053 977 ἔνν.
1086 924 1159 990 2].
1225 926 1526 977 communis
1567 926 1750 979 adiici-

54 1017 176 1066 atur
215 1015 396 1066 ΑΓΒ.
456 1014 641 1082 itaque
1220 995 1232 1007 ⁶

84 1105 250 1156 ΑΓΔ
276 1105 343 1170 -Ι-
370 1105 536 1156 ΑΓΒ
563 1127 632 1144 =
658 1104 831 1155 ΑΒΓ
851 1103 917 1168 -Ι-
944 1103 1103 1154 ΒΓΑ
1129 1102 1196 1168 -Ι-
1224 1103 1380 1153 ΓΑΒ
1414 1103 1483 1167 [κ.
1509 1102 1621 1155 ἔνν.
1646 1103 1720 1169 2].

54 1210 244 1244 uerum
298 1193 464 1244 ΑΓΔ
504 1192 571 1259 -l-
609 1193 776 1244 ΑΓΒ
835 1190 1044 1243 duobus
1099 1190 1260 1243 rectis
1317 1191 1568 1260 aequales
1625 1194 1752 1243 sunt

55 1282 230 1351 [prop.
268 1280 443 1347 XIII].
518 1281 702 1350 itaque
759 1280 925 1332 etiam
980 1280 1143 1332 ΑΓΒ
1182 1280 1249 1346 -l—
1287 1281 1389 1332 ΓΒ
1402 1282 1453 1331 Α
1491 1281 1557 1346 -Ι-
1593 1282 1749 1332 ΓΑΒ

54 1369 260 1422 duobus
299 1371 459 1422 rectis
499 1370 749 1437 aequales
790 1371 918 1422 sunl)
959 1370 1027 1435 [κ.
1060 1369 1172 1421 ἕνν.
1209 1370 1278 1435 1].

164 1457 315 1527 Ergo
339 1458 398 1510 in
426 1443 620 1526 quouis
651 1458 929 1528 triangulo
964 1457 1207 1527 quolibet
1229 1457 1461 1511 laterum
1486 1459 1750 1527 producto

55 1546 291 1615 angulus
331 1546 662 1599 extrinsecus
700 1547 911 1615 positus
945 1546 1153 1600 duobus
1185 1546 1537 1601 inlerioribus
1570 1550 1625 1600 et
1657 1566 1749 1617 op·

54 1635 249 1704 positis
291 1636 532 1705 aequalis
573 1638 672 1705 est,
713 1638 767 1688 et
806 1635 991 1704 anguli
1028 1635 1313 1689 interiores
1345 1638 1456 1688 tres
1488 1637 1750 1708 trianguli

53 1724 262 1776 duobus
308 1725 471 1777 rectis
519 1725 773 1794 aequales
824 1727 974 1793 sunt3
1026 1724 1168 1794 quod
1217 1728 1334 1778 erat
1381 1725 1750 1780 demonstran-

54 1812 196 1866 dum.

773 1946 1027 2000 XXXIII.

164 2049 364 2103 Rectae
417 2053 593 2104 rectas
649 2052 898 2120 aequales
953 2054 1008 2104 elz
1060 2052 1351 2119 parallelas
1408 2051 1476 2104 ad
1531 2052 1748 2105 easdem

55 2141 240 2207 partes
261 2135 304 2210 ¹)
345 2139 735 2210 coniungentes
784 2142 838 2192 et
875 2139 1026 2209 ipsae
1066 2140 1318 2210 aequales
1361 2143 1414 2194 et
1451 2141 1748 2210 parallelae

55 2230 195 2280 sunt.

116 2374 218 2477 38413)
234 2373 351 2477 l15100
383 2375 473 2419 est:
519 2388 576 2418 ne
610 2373 951 2432 coniungantur
981 2378 1018 2419 B
1051 2376 1100 2420 et
1133 2379 1185 2433 Γ,
1219 2379 1262 2420 Δ
1293 2378 1342 2421 et
1372 2379 1408 2419 A
1420 2395 1431 2432 3
1478 2393 1521 2421 u.
1557 2376 1748 2422 Proclus

52 2446 96 2488 Ρ.
206 2469 215 2489 ,
292 2469 300 2477 .

54 2565 106 2620 b,
138 2566 181 2609 V
212 2568 389 2624 (eras),
422 2582 467 2623 p.
614 2566 766 2626 ΓΒΑ]
800 2570 933 2612 ΑΓΒ
966 2567 1022 2622 F;
1056 2571 1182 2612 ΒΓΑ
1215 2567 1256 2612 V
1291 2569 1462 2625 (eras),
1495 2568 1626 2625 Pbp.

53 2621 167 2684 ἄρα]
200 2640 293 2683 mg.
325 2642 386 2670 m.
406 2630 432 2669 2
465 2626 518 2671 V.
651 2625 769 2671 εἰσιν
802 2628 899 2671 ἴσαι
930 2643 974 2685 p.
1130 2633 1199 2672 14.
1234 2625 1375 2686 εἰσίν]
1407 2626 1562 2681 PFV;
1596 2640 1747 2685 comp.

53 2683 107 2737 b3
140 2683 236 2729 εἰσί
260 2686 416 2743 uulgo.
560 2690 628 2731 17.
664 2682 810 2746 ἐστίν]
842 2685 948 2741 PF;
982 2701 1132 2744 comp.
1166 2687 1218 2741 ὀς
1252 2683 1355 2732 ἐστί
1380 2686 1536 2742 uulgo.
1659 2703 1746 2743 yco-

53 2744 152 2787 νίαι
182 2750 305 2798 τρεῖς
335 2745 386 2789 F.
533 2749 600 2789 18.
633 2746 791 2805 δυσίν]
820 2748 993 2819 ,γωνίαι
1024 2763 1074 2803 φ.
1209 2751 1280 2790 20.
1313 2743 1639 2802 παραλλήλους
1672 2743 1747 2790 εὖ·

53 2803 195 2853 θείας
227 2804 432 2848 Proclus.
556 2808 626 2848 21.
659 2804 740 2849 καὶ
772 2805 943 2864 αυταί]
978 2821 1072 2863 mg.
1104 2820 1164 2849 m.
1185 2810 1210 2848 2
1242 2804 1297 2850 V.
