1956 3074
186 118 298 172 152
820 114 1159 159 memma
1194 110 1257 174 ρ’.

184 233 444 308 ἡμισείας
484 234 578 289 καὶ
617 238 718 291 τοῦ
759 231 868 289 άπὸ
910 236 1006 304 τῆς
1045 233 1406 303 συγκειμένης
1453 235 1511 286 ε”κ
1542 253 1599 287 τε
1637 235 1732 302 τῆς
1763 229 1888 302 ἡμι-

186 328 338 390 σείας
375 323 467 379 καὶ
503 327 601 395 τῆς
631 322 1033 396 προσκειμένης
1065 319 1140 387 ὥς
1171 318 1280 377 άπὸ
1313 323 1444 392 μιᾶς
1467 316 1888 392 ἀναγραφέντος

185 412 568 484 τετραγώνου·
610 410 745 484 ὅπερ
786 414 898 466 ἔδει
940 411 1129 476 δεῖξαι.

984 594 1041 626 ια
1067 615 1079 626 .

125 694 153 734 5
305 677 435 750 Τὴν
489 681 816 734 δοθεῖσαν
864 673 1144 732 εὐθεῖαν
1182 685 1405 746 τεμεῖν
1445 673 1606 731 ὥστε
1651 675 1721 732 τὸ
1760 676 1886 734 ὑπὸ

186 771 300 839 τῆς
355 766 511 839 ὅλης
555 766 664 822 καὶ
709 767 828 821 τοῦ
876 764 1104 838 ἑτέρου
1150 767 1276 819 τῶν
1315 763 1669 836 τμημάτων
1707 787 1886 839 περι-

187 856 511 928 εχόμενον
567 852 993 928 ὀρθογώνιον
1045 860 1192 909 ἴσον
1249 849 1422 909 εἷναι
1468 858 1551 930 τῷ
1600 853 1722 911 άπὸ
1771 860 1888 912 τοῦ

186 951 428 1000 λοιποῦ
467 943 800 1015 τμήματος
838 941 1240 1018 τετραγώνῳ.

285 1031 467 1090 ’Ἑστω
515 1031 549 1104 ἡ
592 1035 829 1088 δοθεῖσα
869 1029 1064 1087 εὐθεῖα
1104 1029 1138 1102 ἡ
1180 1037 1318 1086 ΑΒ·
1392 1035 1480 1087 δεῖ
1524 1031 1593 1103 δὴ
1634 1033 1738 1104 τὴν
1779 1040 1886 1090 ΑΒ

99 1137 156 1176 10
188 1133 374 1194 τεμεῖν
415 1119 554 1179 ὥστε
592 1119 654 1176 τὸ
695 1118 804 1176 ὑπὸ
839 1123 939 1191 τῆς
969 1117 1103 1191 ὅλης
1133 1119 1226 1174 καὶ
1257 1123 1358 1176 τοῦ
1391 1121 1583 1192 ἑτέρου
1613 1125 1727 1178 τῶν
1758 1145 1890 1195 τμη-

188 1210 379 1281 μάτων
431 1207 827 1282 περιεχόμενον
873 1205 1233 1279 ὀρθογώνιον
1281 1215 1407 1264 ἴσον
1455 1205 1600 1265 εἶναι
1654 1215 1730 1285 τῷ
1779 1210 1888 1267 άπὸ

189 1302 292 1355 τοῦ
335 1301 536 1354 λοιποῦ
574 1296 856 1369 τμήματος
894 1296 1236 1370 τετραγώνῳ.

296 1384 738 1459 Ἀναγεγράφθω
793 1383 899 1456 γὰρ
956 1382 1064 1440 άπὸ
1121 1386 1218 1455 τῆς
1264 1391 1374 1440 ΑΒ
1423 1385 1778 1458 τετράγωνον
1825 1388 1888 1444 τὸ

190 1481 446 1544 ΑΒΔΓ,
501 1474 594 1529 καὶ
647 1474 941 1546 τετμήσθω
989 1471 1024 1545 ἡ
1073 1479 1187 1529 ΛΓ
1226 1477 1355 1546 δίχα
1400 1474 1537 1529 κατὰ
1585 1474 1649 1530 τὸ
1698 1482 1751 1531 Ε
1794 1494 1890 1548 ση-

103 1579 159 1619 15
191 1575 380 1637 μεῖον,
432 1562 524 1618 καὶ
572 1561 883 1635 ἐπεζεύχθω
932 1560 966 1634 ἡ
1007 1568 1143 1632 ΒΕ,
1197 1562 1290 1617 καὶ
1330 1562 1547 1635 διήχθω
1588 1561 1623 1635 ἡ
1661 1570 1763 1620 ΓΑ
1803 1565 1892 1621 ἐπὶ

191 1651 253 1709 τὸ
290 1659 353 1724 Ζ,
392 1652 485 1707 καὶ
523 1656 734 1707 κείσθω
769 1654 835 1724 τῇ
869 1657 980 1707 ΒΕ
1000 1658 1091 1722 ἴση
1125 1649 1159 1723 ἡ
1186 1657 1308 1722 ΕΖ,
1346 1652 1439 1707 καὶ
1470 1650 1892 1727 ἀναγεγράφθω

192 1739 302 1797 άπὸ
351 1745 449 1813 τῆς
487 1747 595 1796 ΑΖ
640 1739 993 1812 τετράγωνον
1032 1741 1095 1796 τὸ
1140 1746 1264 1811 ΖΘ,
1312 1741 1405 1796 καὶ
1445 1740 1663 1813 διήχθω
1704 1741 1738 1814 ἡ
1780 1749 1892 1799 ΗΘ

196 1831 283 1887 ἐπὶ
321 1830 384 1886 τὸ
420 1835 499 1884 Κ·
541 1830 704 1901 λέγω,
745 1827 831 1884 ὅτι
870 1826 904 1900 ἡ
939 1834 1046 1884 ΑΒ
1078 1830 1333 1900 τέτμηται
1372 1829 1509 1884 κατὰ
1549 1830 1611 1886 τὸ
1646 1837 1710 1901 Θ,
1751 1830 1892 1888 ὥστε

190 1919 254 1976 τὸ
302 1917 411 1975 ὑπὸ
451 1921 564 1974 τῶν
605 1924 740 1989 ΑΒ,
788 1923 893 1973 ΒΘ
929 1915 1325 1990 περιεχόμενον
1365 1915 1723 1989 ὀρθογώνιον
1764 1926 1895 1975 ἴσον

105 2023 164 2063 20
196 2019 379 2064 ποιεῖν
418 2010 494 2083 τῷ
534 2006 641 2062 ἀπὸ
684 2008 779 2077 τῆς
818 2011 928 2061 ΑΘ
965 2005 1307 2081 τετραγώνῳ.

306 2093 453 2151 Ἐπεὶ
491 2093 598 2167 γὰρ
633 2092 830 2150 εὐθεῖα
869 2091 903 2166 ἡ
946 2099 1060 2149 ΑΓ
1084 2095 1342 2166 τέτμηται
1383 2098 1510 2167 δίχα
1549 2095 1686 2151 κατὰ
1728 2093 1790 2152 τὸ
1829 2101 1895 2162 Ε,

193 2185 514 2257 πρόσκειται
555 2183 617 2239 δὲ
657 2181 796 2255 αὐτῇ
837 2180 871 2254 ἡ
914 2189 1039 2254 ΖΑ,
1080 2183 1143 2239 τὸ
1184 2181 1293 2255 ἄρα
1333 2179 1442 2239 ὑπὸ
1479 2188 1593 2240 τῶν
1625 2189 1744 2255 ΓΖ,
1786 2190 1894 2239 ΖΛ

192 2272 590 2347 περιεχόμενον
636 2270 994 2343 ὀρθογώνιον
1041 2271 1175 2343 μετὰ
1222 2276 1324 2328 τοῦ
1371 2270 1480 2329 άπὸ
1527 2277 1622 2345 τῆς
1661 2279 1776 2329 ΑΕ
1809 2294 1893 2328 τε-

192 2361 489 2436 τραγώνου
528 2368 654 2416 ἴσον
695 2361 808 2416 ἐστὶ
847 2363 923 2436 τῷ
965 2357 1075 2416 άπὸ
1115 2364 1213 2431 τῆς
1253 2367 1356 2416 ΕΖ
1395 2362 1736 2437 τετραγώνῳ.
1799 2369 1892 2432 ἴση

106 2466 163 2506 26
198 2450 260 2506 δὲ
300 2448 333 2522 ἡ
375 2455 478 2504 ΕΖ
525 2453 590 2522 τῇ
631 2455 764 2505 ΕΒ·
835 2447 897 2504 τὸ
946 2447 1055 2522 ἄρα
1100 2447 1210 2505 ὑπὸ
1258 2453 1370 2506 τῶν
1418 2455 1544 2521 ΓΖ,
1599 2457 1707 2506 ΖΑ
1756 2447 1892 2521 μετὰ

194 2541 296 2595 τοῦ
337 2536 446 2594 ἀπὸ
488 2542 584 2609 τῆς
616 2544 729 2594 ΑΕ
759 2545 884 2594 ἴσον
925 2538 1039 2593 ἐστὶ
1080 2542 1154 2614 τῷ
1189 2535 1298 2594 άπὸ
1334 2545 1452 2595 ΕΒ.
1496 2537 1637 2594 ἀλλὰ
1678 2541 1754 2615 τῷ
1782 2535 1891 2594 ἀπὸ

319 2737 359 2776 2.
395 2727 758 2787 ἀναγραφέντος
788 2726 1105 2789 τετραγώνου]
1140 2743 1258 2777 corr.
1293 2743 1347 2775 ex
1380 2727 1709 2786 ἀναγραφέντι
1730 2745 1893 2785 τετρα-

197 2787 333 2851 γώνῳ
374 2805 433 2836 m.
463 2795 486 2834 1
519 2790 570 2834 P.
634 2789 770 2846 Prop.
805 2789 868 2832 XI
907 2803 1014 2833 cum
1051 2789 1354 2846 praecedenti
1393 2788 1634 2834 coniunxit
1663 2788 1726 2841 V;
1774 2801 1888 2833 corr.

200 2851 248 2894 eia
277 2863 522 2894 numerum
554 2848 660 2894 add.
692 2863 752 2892 m.
772 2853 812 2892 2.
936 2853 976 2892 5.
1010 2862 1117 2892 ·o‘‹xv
1151 2843 1314 2892 εὐθεῖ·
1345 2847 1396 2891 in
1426 2860 1515 2892 ras,
1539 2862 1583 2904 p.
1708 2853 1748 2892 6.
1780 2863 1892 2904 τμη-

198 2905 380 2967 μάτων]
416 2923 509 2964 seq.
542 2921 632 2952 ras,
667 2913 692 2951 3
718 2908 808 2952 litt.
829 2907 883 2952 V.
1008 2911 1046 2951 8.
1081 2905 1378 2963 τετραγώνου
1402 2905 1453 2951 F.
1578 2911 1646 2952 14.
1679 2906 1892 2964 ΑΒΔΓ]
