<?xml version="1.0" encoding="UTF-8"?>
<!DOCTYPE html PUBLIC "-//W3C//DTD XHTML 1.0 Transitional//EN"
    "http://www.w3.org/TR/xhtml1/DTD/xhtml1-transitional.dtd">
<html xmlns="http://www.w3.org/1999/xhtml" xml:lang="en" lang="en">
 <head>
  <title>
</title>
<meta http-equiv="Content-Type" content="text/html;charset=utf-8" />
  <meta name='ocr-system' content='tesseract 3.04.00' />
  <meta name='ocr-capabilities' content='ocr_page ocr_carea ocr_par ocr_line ocrx_word'/>
</head>
<body>
  <div class='ocr_page' id='page_1' title='image "./euclidisoperaomn01eucluoft_0254.png"; bbox 0 0 1956 3074; ppageno 0'>
   <div class='ocr_carea' id='block_1_1' title="bbox 195 94 1266 153">
    <p class='ocr_par' dir='ltr' id='par_1_1' title="bbox 195 94 1266 153">
     <span class='ocr_line' id='line_1_1' title="bbox 195 94 1266 153; baseline 0.003 -13"><span class='ocrx_word' id='word_1_1' title='bbox 195 94 306 148; x_wconf 82' lang='grc'><strong><em>240</em></strong></span> <span class='ocrx_word' id='word_1_2' title='bbox 834 96 1172 140; x_wconf 75' lang='grc' dir='ltr'>ΣΤΟΙΧΕΙῼΝ</span> <span class='ocrx_word' id='word_1_3' title='bbox 1202 113 1230 153; x_wconf 76' lang='grc' dir='ltr'><strong><em>γ</em></strong></span> <span class='ocrx_word' id='word_1_4' title='bbox 1240 94 1266 143; x_wconf 83' lang='grc'><strong><em>’.</em></strong></span> 
     </span>
    </p>
   </div>
   <div class='ocr_carea' id='block_1_2' title="bbox 196 211 1897 731">
    <p class='ocr_par' dir='ltr' id='par_1_2' title="bbox 197 211 1892 375">
     <span class='ocr_line' id='line_1_2' title="bbox 292 211 1892 286; baseline 0.001 -18"><span class='ocrx_word' id='word_1_5' title='bbox 292 211 474 269; x_wconf 74' lang='grc' dir='ltr'><strong><em>’Έστω</em></strong></span> <span class='ocrx_word' id='word_1_6' title='bbox 515 211 549 285; x_wconf 81' lang='grc' dir='ltr'><em>ἡ</em></span> <span class='ocrx_word' id='word_1_7' title='bbox 590 216 827 270; x_wconf 81' lang='grc' dir='ltr'><em>δοθεῖσα</em></span> <span class='ocrx_word' id='word_1_8' title='bbox 866 215 1191 286; x_wconf 80' lang='grc' dir='ltr'><strong><em>περιφέρεια</em></strong></span> <span class='ocrx_word' id='word_1_9' title='bbox 1229 211 1264 285; x_wconf 84' lang='grc' dir='ltr'><em>ἡ</em></span> <span class='ocrx_word' id='word_1_10' title='bbox 1305 222 1358 269; x_wconf 92' lang='lat' dir='ltr'><em>A</em></span> <span class='ocrx_word' id='word_1_11' title='bbox 1370 220 1501 270; x_wconf 88' lang='grc' dir='ltr'><strong><em>ΔΒ·</em></strong></span> <span class='ocrx_word' id='word_1_12' title='bbox 1555 217 1643 270; x_wconf 81' lang='grc' dir='ltr'><strong><em>δεῖ</em></strong></span> <span class='ocrx_word' id='word_1_13' title='bbox 1679 212 1749 286; x_wconf 81' lang='grc' dir='ltr'><strong><em>δὴ</em></strong></span> <span class='ocrx_word' id='word_1_14' title='bbox 1788 213 1892 286; x_wconf 83' lang='grc' dir='ltr'><strong><em>τὴν</em></strong></span> 
     </span>
     <span class='ocr_line' id='line_1_3' title="bbox 197 303 1182 375; baseline 0.002 -19"><span class='ocrx_word' id='word_1_15' title='bbox 197 309 251 357; x_wconf 93' lang='grc' dir='ltr'><em>Α</em></span> <span class='ocrx_word' id='word_1_16' title='bbox 263 309 317 356; x_wconf 92' lang='grc' dir='ltr'><em>Δ</em></span> <span class='ocrx_word' id='word_1_17' title='bbox 330 307 376 356; x_wconf 91' lang='grc' dir='ltr'><strong><em>Β</em></strong></span> <span class='ocrx_word' id='word_1_18' title='bbox 416 303 776 375; x_wconf 84' lang='grc' dir='ltr'><strong><em>περιφέρειαν</em></strong></span> <span class='ocrx_word' id='word_1_19' title='bbox 816 306 944 375; x_wconf 81' lang='grc' dir='ltr'><strong><em>δίχα</em></strong></span> <span class='ocrx_word' id='word_1_20' title='bbox 981 314 1182 375; x_wconf 85' lang='grc' dir='ltr'><strong><em>τεμεῖν.</em></strong></span> 
     </span>
    </p>

    <p class='ocr_par' dir='ltr' id='par_1_3' title="bbox 196 389 1897 641">
     <span class='ocr_line' id='line_1_4' title="bbox 303 389 1894 463; baseline 0.001 -17"><span class='ocrx_word' id='word_1_21' title='bbox 303 389 647 463; x_wconf 82' lang='grc' dir='ltr'><strong><em>Ἐπεζεύχθω</em></strong></span> <span class='ocrx_word' id='word_1_22' title='bbox 687 389 722 463; x_wconf 82' lang='grc' dir='ltr'><em>ἡ</em></span> <span class='ocrx_word' id='word_1_23' title='bbox 755 397 883 461; x_wconf 86' lang='grc' dir='ltr'><strong><em>ΑΒ,</em></strong></span> <span class='ocrx_word' id='word_1_24' title='bbox 922 391 1015 446; x_wconf 83' lang='grc' dir='ltr'><strong><em>καὶ</em></strong></span> <span class='ocrx_word' id='word_1_25' title='bbox 1053 389 1347 463; x_wconf 81' lang='grc' dir='ltr'><strong><em>τετμήσθω</em></strong></span> <span class='ocrx_word' id='word_1_26' title='bbox 1388 395 1517 463; x_wconf 82' lang='grc' dir='ltr'><strong><em>δίχα</em></strong></span> <span class='ocrx_word' id='word_1_27' title='bbox 1554 392 1691 448; x_wconf 84' lang='grc' dir='ltr'><strong><em>κατὰ</em></strong></span> <span class='ocrx_word' id='word_1_28' title='bbox 1731 390 1795 448; x_wconf 88' lang='grc' dir='ltr'><strong><em>τὸ</em></strong></span> <span class='ocrx_word' id='word_1_29' title='bbox 1830 397 1894 462; x_wconf 76' lang='grc' dir='ltr'><strong><em>Γ,</em></strong></span> 
     </span>
     <span class='ocr_line' id='line_1_5' title="bbox 196 477 1897 555; baseline 0.001 -20"><span class='ocrx_word' id='word_1_30' title='bbox 196 480 289 535; x_wconf 85' lang='grc' dir='ltr'><strong><em>καὶ</em></strong></span> <span class='ocrx_word' id='word_1_31' title='bbox 344 477 453 535; x_wconf 81' lang='grc' dir='ltr'><strong><em>άπὸ</em></strong></span> <span class='ocrx_word' id='word_1_32' title='bbox 509 483 612 534; x_wconf 86' lang='grc' dir='ltr'><strong><em>τοῦ</em></strong></span> <span class='ocrx_word' id='word_1_33' title='bbox 666 484 720 535; x_wconf 95' lang='grc' dir='ltr'><strong><em>Γ</em></strong></span> <span class='ocrx_word' id='word_1_34' title='bbox 767 484 1001 551; x_wconf 82' lang='grc' dir='ltr'><strong><em>σημείου</em></strong></span> <span class='ocrx_word' id='word_1_35' title='bbox 1046 483 1111 552; x_wconf 84' lang='grc' dir='ltr'><strong><em>τῇ</em></strong></span> <span class='ocrx_word' id='word_1_36' title='bbox 1153 485 1261 535; x_wconf 91' lang='grc' dir='ltr'><strong><em>ΑΒ</em></strong></span> <span class='ocrx_word' id='word_1_37' title='bbox 1302 479 1501 555; x_wconf 74' lang='grc' dir='ltr'><strong><em>εὐθείᾳ</em></strong></span> <span class='ocrx_word' id='word_1_38' title='bbox 1539 479 1678 551; x_wconf 89' lang='grc' dir='ltr'><strong><em>πρὸς</em></strong></span> <span class='ocrx_word' id='word_1_39' title='bbox 1717 478 1897 553; x_wconf 77' lang='grc' dir='ltr'><strong><em>ὀρθὰς</em></strong></span> 
     </span>
     <span class='ocr_line' id='line_1_6' title="bbox 197 567 1637 641; baseline 0 -17"><span class='ocrx_word' id='word_1_40' title='bbox 197 567 358 641; x_wconf 78' lang='grc' dir='ltr'><strong><em>ἤχθω</em></strong></span> <span class='ocrx_word' id='word_1_41' title='bbox 405 567 438 638; x_wconf 80' lang='grc' dir='ltr'><em>ἡ</em></span> <span class='ocrx_word' id='word_1_42' title='bbox 478 573 600 636; x_wconf 85' lang='grc' dir='ltr'><strong><em>ΓΛ,</em></strong></span> <span class='ocrx_word' id='word_1_43' title='bbox 638 567 732 622; x_wconf 86' lang='grc' dir='ltr'><strong><em>καὶ</em></strong></span> <span class='ocrx_word' id='word_1_44' title='bbox 772 567 1195 641; x_wconf 80' lang='grc' dir='ltr'><strong><em>ἐπεζεύχθωσαν</em></strong></span> <span class='ocrx_word' id='word_1_45' title='bbox 1234 572 1297 624; x_wconf 76' lang='grc' dir='ltr'><strong><em>αἱ</em></strong></span> <span class='ocrx_word' id='word_1_46' title='bbox 1331 576 1470 639; x_wconf 83' lang='grc' dir='ltr'><strong><em>ΑΔ,</em></strong></span> <span class='ocrx_word' id='word_1_47' title='bbox 1512 575 1637 625; x_wconf 91' lang='grc' dir='ltr'><strong><em>ΔΒ.</em></strong></span> 
     </span>
    </p>

    <p class='ocr_par' dir='ltr' id='par_1_4' title="bbox 310 655 1895 731">
     <span class='ocr_line' id='line_1_7' title="bbox 310 655 1895 731; baseline -0.001 -17"><span class='ocrx_word' id='word_1_48' title='bbox 310 658 426 714; x_wconf 84' lang='grc' dir='ltr'><strong><em>Καὶ</em></strong></span> <span class='ocrx_word' id='word_1_49' title='bbox 478 656 593 712; x_wconf 81' lang='grc' dir='ltr'><strong><em>ἐπεὶ</em></strong></span> <span class='ocrx_word' id='word_1_50' title='bbox 650 664 744 727; x_wconf 82' lang='grc' dir='ltr'><strong><em>ἴση</em></strong></span> <span class='ocrx_word' id='word_1_51' title='bbox 802 658 952 713; x_wconf 82' lang='grc' dir='ltr'><strong><em>ἐστὶν</em></strong></span> <span class='ocrx_word' id='word_1_52' title='bbox 1006 656 1040 729; x_wconf 84' lang='grc' dir='ltr'><em>ἡ</em></span> <span class='ocrx_word' id='word_1_53' title='bbox 1088 662 1204 713; x_wconf 90' lang='grc' dir='ltr'><strong><em>ΑΓ</em></strong></span> <span class='ocrx_word' id='word_1_54' title='bbox 1241 661 1307 731; x_wconf 84' lang='grc' dir='ltr'><strong><em>τῇ</em></strong></span> <span class='ocrx_word' id='word_1_55' title='bbox 1356 663 1476 728; x_wconf 82' lang='grc' dir='ltr'><strong><em>ΓΒ,</em></strong></span> <span class='ocrx_word' id='word_1_56' title='bbox 1531 656 1692 730; x_wconf 86' lang='grc' dir='ltr'><strong><em>κοινὴ</em></strong></span> <span class='ocrx_word' id='word_1_57' title='bbox 1749 657 1812 714; x_wconf 77' lang='grc' dir='ltr'><strong><em>δὲ</em></strong></span> <span class='ocrx_word' id='word_1_58' title='bbox 1862 655 1895 729; x_wconf 81' lang='grc' dir='ltr'><em>ἡ</em></span> 
     </span>
    </p>
   </div>
   <div class='ocr_carea' id='block_1_3' title="bbox 127 745 1896 817">
    <p class='ocr_par' dir='ltr' id='par_1_5' title="bbox 127 745 1896 817">
     <span class='ocr_line' id='line_1_8' title="bbox 127 745 1896 817; baseline -0.001 -14"><span class='ocrx_word' id='word_1_59' title='bbox 127 755 132 760; x_wconf 82' lang='grc'><em>’</em></span> <span class='ocrx_word' id='word_1_60' title='bbox 198 751 328 817; x_wconf 90' lang='grc' dir='ltr'><strong><em>ΓΔ,</em></strong></span> <span class='ocrx_word' id='word_1_61' title='bbox 384 745 490 802; x_wconf 84' lang='grc' dir='ltr'><strong><em>δύο</em></strong></span> <span class='ocrx_word' id='word_1_62' title='bbox 539 745 607 817; x_wconf 79' lang='grc' dir='ltr'><strong><em>δὴ</em></strong></span> <span class='ocrx_word' id='word_1_63' title='bbox 659 749 723 801; x_wconf 78' lang='grc' dir='ltr'><strong><em>αἱ</em></strong></span> <span class='ocrx_word' id='word_1_64' title='bbox 764 752 896 816; x_wconf 85' lang='grc' dir='ltr'><strong><em>ΑΓ,</em></strong></span> <span class='ocrx_word' id='word_1_65' title='bbox 952 751 1056 803; x_wconf 90' lang='grc' dir='ltr'><strong><em>ΓΔ</em></strong></span> <span class='ocrx_word' id='word_1_66' title='bbox 1102 747 1230 802; x_wconf 82' lang='grc' dir='ltr'><strong><em>δυσὶ</em></strong></span> <span class='ocrx_word' id='word_1_67' title='bbox 1277 758 1397 812; x_wconf 82' lang='grc' dir='ltr'><strong><em>ταῖς</em></strong></span> <span class='ocrx_word' id='word_1_68' title='bbox 1443 752 1571 815; x_wconf 87' lang='grc' dir='ltr'><strong><em>ΒΓ,</em></strong></span> <span class='ocrx_word' id='word_1_69' title='bbox 1627 751 1731 802; x_wconf 91' lang='grc' dir='ltr'><strong><em>ΓΔ</em></strong></span> <span class='ocrx_word' id='word_1_70' title='bbox 1781 753 1896 802; x_wconf 77' lang='grc' dir='ltr'><strong><em>ἴσαι</em></strong></span> 
     </span>
    </p>
   </div>
   <div class='ocr_carea' id='block_1_4' title="bbox 112 1031 167 1071">
    <p class='ocr_par' dir='ltr' id='par_1_6' title="bbox 112 1031 167 1071">
     <span class='ocr_line' id='line_1_9' title="bbox 112 1031 167 1071; baseline 0 0"><span class='ocrx_word' id='word_1_71' title='bbox 112 1031 167 1071; x_wconf 90' lang='grc'><strong><em>10</em></strong></span> 
     </span>
    </p>
   </div>
   <div class='ocr_carea' id='block_1_5' title="bbox 116 1476 171 1516">
    <p class='ocr_par' dir='ltr' id='par_1_7' title="bbox 116 1476 171 1516">
     <span class='ocr_line' id='line_1_10' title="bbox 116 1476 171 1516; baseline 0.036 -2"><span class='ocrx_word' id='word_1_72' title='bbox 116 1476 171 1516; x_wconf 83' lang='grc'><strong><em>15</em></strong></span> 
     </span>
    </p>
   </div>
   <div class='ocr_carea' id='block_1_6' title="bbox 117 2008 173 2048">
    <p class='ocr_par' dir='ltr' id='par_1_8' title="bbox 117 2008 173 2048">
     <span class='ocr_line' id='line_1_11' title="bbox 117 2008 173 2048; baseline 0.018 -1"><span class='ocrx_word' id='word_1_73' title='bbox 117 2008 173 2048; x_wconf 78' lang='grc'><strong><em>20</em></strong></span> 
     </span>
    </p>
   </div>
   <div class='ocr_carea' id='block_1_7' title="bbox 199 833 1900 1619">
    <p class='ocr_par' dir='ltr' id='par_1_9' title="bbox 199 833 1900 1443">
     <span class='ocr_line' id='line_1_12' title="bbox 199 833 1897 910; baseline 0.001 -20"><span class='ocrx_word' id='word_1_74' title='bbox 199 839 373 891; x_wconf 81' lang='grc' dir='ltr'><strong><em>εἰσίν·</em></strong></span> <span class='ocrx_word' id='word_1_75' title='bbox 442 834 535 889; x_wconf 89' lang='grc' dir='ltr'><strong><em>καὶ</em></strong></span> <span class='ocrx_word' id='word_1_76' title='bbox 582 839 762 906; x_wconf 91' lang='grc' dir='ltr'><strong><em>γωνία</em></strong></span> <span class='ocrx_word' id='word_1_77' title='bbox 810 833 844 906; x_wconf 84' lang='grc' dir='ltr'><em>ἡ</em></span> <span class='ocrx_word' id='word_1_78' title='bbox 891 834 1000 891; x_wconf 83' lang='grc' dir='ltr'><strong><em>ὑπὸ</em></strong></span> <span class='ocrx_word' id='word_1_79' title='bbox 1048 841 1217 892; x_wconf 88' lang='grc' dir='ltr'><strong><em>ΑΓΔ</em></strong></span> <span class='ocrx_word' id='word_1_80' title='bbox 1262 841 1440 910; x_wconf 77' lang='grc' dir='ltr'><strong><em>γωνίᾳ</em></strong></span> <span class='ocrx_word' id='word_1_81' title='bbox 1478 839 1544 909; x_wconf 76' lang='grc' dir='ltr'><strong><em>τῇ</em></strong></span> <span class='ocrx_word' id='word_1_82' title='bbox 1585 833 1695 891; x_wconf 83' lang='grc' dir='ltr'><strong><em>ὑπὸ</em></strong></span> <span class='ocrx_word' id='word_1_83' title='bbox 1737 840 1847 891; x_wconf 90' lang='grc' dir='ltr'><strong><em>ΒΓ</em></strong></span> <span class='ocrx_word' id='word_1_84' title='bbox 1844 842 1897 891; x_wconf 91' lang='grc' dir='ltr'><em>Δ</em></span> 
     </span>
     <span class='ocr_line' id='line_1_13' title="bbox 199 923 1896 997; baseline -0.001 -17"><span class='ocrx_word' id='word_1_85' title='bbox 199 932 317 995; x_wconf 78' lang='grc' dir='ltr'><strong><em>ἴση·</em></strong></span> <span class='ocrx_word' id='word_1_86' title='bbox 368 923 517 996; x_wconf 88' lang='grc' dir='ltr'><strong><em>ὀρθὴ</em></strong></span> <span class='ocrx_word' id='word_1_87' title='bbox 565 923 674 997; x_wconf 79' lang='grc' dir='ltr'><strong><em>γὰρ</em></strong></span> <span class='ocrx_word' id='word_1_88' title='bbox 722 925 980 997; x_wconf 82' lang='grc' dir='ltr'><strong><em>ἑκατέρα·</em></strong></span> <span class='ocrx_word' id='word_1_89' title='bbox 1049 925 1210 996; x_wconf 87' lang='grc' dir='ltr'><strong><em>βάσις</em></strong></span> <span class='ocrx_word' id='word_1_90' title='bbox 1250 924 1359 997; x_wconf 76' lang='grc' dir='ltr'><strong><em>ἄρα</em></strong></span> <span class='ocrx_word' id='word_1_91' title='bbox 1399 923 1432 996; x_wconf 85' lang='grc' dir='ltr'><em>ἡ</em></span> <span class='ocrx_word' id='word_1_92' title='bbox 1475 932 1593 980; x_wconf 91' lang='grc' dir='ltr'><strong><em>ΑΔ</em></strong></span> <span class='ocrx_word' id='word_1_93' title='bbox 1630 923 1791 995; x_wconf 80' lang='grc' dir='ltr'><strong><em>βάσει</em></strong></span> <span class='ocrx_word' id='word_1_94' title='bbox 1822 927 1896 997; x_wconf 81' lang='grc' dir='ltr'><strong><em>τῇ</em></strong></span> 
     </span>
     <span class='ocr_line' id='line_1_14' title="bbox 202 1011 1898 1085; baseline -0.001 -15"><span class='ocrx_word' id='word_1_95' title='bbox 202 1021 257 1069; x_wconf 93' lang='grc' dir='ltr'><em>Δ</em></span> <span class='ocrx_word' id='word_1_96' title='bbox 267 1019 314 1070; x_wconf 90' lang='grc' dir='ltr'><strong><em>Β</em></strong></span> <span class='ocrx_word' id='word_1_97' title='bbox 354 1021 444 1085; x_wconf 81' lang='grc' dir='ltr'><strong><em>ἴση</em></strong></span> <span class='ocrx_word' id='word_1_98' title='bbox 505 1015 669 1069; x_wconf 84' lang='grc' dir='ltr'><strong><em>ἐστίν.</em></strong></span> <span class='ocrx_word' id='word_1_99' title='bbox 740 1016 803 1069; x_wconf 75' lang='grc' dir='ltr'><strong><em>αἰ</em></strong></span> <span class='ocrx_word' id='word_1_100' title='bbox 845 1013 907 1070; x_wconf 75' lang='grc' dir='ltr'><strong><em>δὲ</em></strong></span> <span class='ocrx_word' id='word_1_101' title='bbox 948 1021 1064 1070; x_wconf 75' lang='grc' dir='ltr'><strong><em>ἴσαι</em></strong></span> <span class='ocrx_word' id='word_1_102' title='bbox 1118 1011 1337 1071; x_wconf 84' lang='grc' dir='ltr'><strong><em>εὐθεῖαι</em></strong></span> <span class='ocrx_word' id='word_1_103' title='bbox 1378 1020 1501 1079; x_wconf 78' lang='grc' dir='ltr'><strong><em>ἴσας</em></strong></span> <span class='ocrx_word' id='word_1_104' title='bbox 1545 1017 1898 1085; x_wconf 80' lang='grc' dir='ltr'><strong><em>περιφερείας</em></strong></span> 
     </span>
     <span class='ocr_line' id='line_1_15' title="bbox 200 1100 1900 1175; baseline 0 -18"><span class='ocrx_word' id='word_1_105' title='bbox 200 1101 510 1175; x_wconf 82' lang='grc' dir='ltr'><strong><em>ἀφαιροῦσι</em></strong></span> <span class='ocrx_word' id='word_1_106' title='bbox 541 1101 646 1174; x_wconf 86' lang='grc' dir='ltr'><strong><em>τὴν</em></strong></span> <span class='ocrx_word' id='word_1_107' title='bbox 678 1102 781 1173; x_wconf 72' lang='grc' dir='ltr'><strong><em>μὲν</em></strong></span> <span class='ocrx_word' id='word_1_108' title='bbox 813 1107 1037 1174; x_wconf 80' lang='grc' dir='ltr'><strong><em>μείζονα</em></strong></span> <span class='ocrx_word' id='word_1_109' title='bbox 1068 1105 1132 1175; x_wconf 80' lang='grc' dir='ltr'><strong><em>τῇ</em></strong></span> <span class='ocrx_word' id='word_1_110' title='bbox 1166 1107 1374 1173; x_wconf 85' lang='grc' dir='ltr'><strong><em>μείζονι</em></strong></span> <span class='ocrx_word' id='word_1_111' title='bbox 1406 1101 1510 1173; x_wconf 84' lang='grc' dir='ltr'><strong><em>τὴν</em></strong></span> <span class='ocrx_word' id='word_1_112' title='bbox 1538 1101 1600 1158; x_wconf 74' lang='grc' dir='ltr'><strong><em>δὲ</em></strong></span> <span class='ocrx_word' id='word_1_113' title='bbox 1633 1100 1900 1158; x_wconf 81' lang='grc' dir='ltr'><strong><em>ἐλάττονα</em></strong></span> 
     </span>
     <span class='ocr_line' id='line_1_16' title="bbox 199 1190 1899 1265; baseline -0.001 -18"><span class='ocrx_word' id='word_1_114' title='bbox 199 1194 265 1265; x_wconf 80' lang='grc' dir='ltr'><strong><em>τῇ</em></strong></span> <span class='ocrx_word' id='word_1_115' title='bbox 322 1190 607 1247; x_wconf 78' lang='grc' dir='ltr'><strong><em>ἐλάττονι·</em></strong></span> <span class='ocrx_word' id='word_1_116' title='bbox 668 1197 768 1247; x_wconf 87' lang='grc' dir='ltr'><strong><em>καί</em></strong></span> <span class='ocrx_word' id='word_1_117' title='bbox 803 1194 954 1247; x_wconf 79' lang='grc' dir='ltr'><strong><em>ἐστιν</em></strong></span> <span class='ocrx_word' id='word_1_118' title='bbox 994 1193 1223 1260; x_wconf 82' lang='grc' dir='ltr'><strong><em>ἑκατέρα</em></strong></span> <span class='ocrx_word' id='word_1_119' title='bbox 1260 1193 1374 1247; x_wconf 80' lang='grc' dir='ltr'><strong><em>τῶν</em></strong></span> <span class='ocrx_word' id='word_1_120' title='bbox 1413 1198 1467 1246; x_wconf 94' lang='grc' dir='ltr'><em>Α</em></span> <span class='ocrx_word' id='word_1_121' title='bbox 1478 1198 1548 1262; x_wconf 82' lang='grc' dir='ltr'><strong><em>Δ,</em></strong></span> <span class='ocrx_word' id='word_1_122' title='bbox 1599 1196 1709 1246; x_wconf 90' lang='grc' dir='ltr'><strong><em>ΔΒ</em></strong></span> <span class='ocrx_word' id='word_1_123' title='bbox 1749 1210 1899 1261; x_wconf 89' lang='grc' dir='ltr'><strong><em>περι-</em></strong></span> 
     </span>
     <span class='ocr_line' id='line_1_17' title="bbox 202 1277 1898 1352; baseline 0 -17"><span class='ocrx_word' id='word_1_124' title='bbox 202 1285 445 1351; x_wconf 78' lang='grc' dir='ltr'><strong><em>φερειῶν</em></strong></span> <span class='ocrx_word' id='word_1_125' title='bbox 483 1280 739 1338; x_wconf 81' lang='grc' dir='ltr'><strong><em>’ἐλάττων</em></strong></span> <span class='ocrx_word' id='word_1_126' title='bbox 787 1279 1150 1352; x_wconf 84' lang='grc' dir='ltr'><strong><em>ἡμικυκλίου·</em></strong></span> <span class='ocrx_word' id='word_1_127' title='bbox 1221 1286 1313 1351; x_wconf 73' lang='grc' dir='ltr'><strong><em>ἴση</em></strong></span> <span class='ocrx_word' id='word_1_128' title='bbox 1362 1278 1472 1350; x_wconf 80' lang='grc' dir='ltr'><strong><em>ἄρα</em></strong></span> <span class='ocrx_word' id='word_1_129' title='bbox 1520 1277 1553 1351; x_wconf 84' lang='grc' dir='ltr'><em>ἡ</em></span> <span class='ocrx_word' id='word_1_130' title='bbox 1596 1286 1714 1335; x_wconf 89' lang='grc' dir='ltr'><strong><em>ΑΛ</em></strong></span> <span class='ocrx_word' id='word_1_131' title='bbox 1751 1299 1898 1350; x_wconf 92' lang='grc' dir='ltr'><strong><em>περι-</em></strong></span> 
     </span>
     <span class='ocr_line' id='line_1_18' title="bbox 202 1370 1033 1443; baseline 0.001 -18"><span class='ocrx_word' id='word_1_132' title='bbox 202 1370 397 1442; x_wconf 81' lang='grc' dir='ltr'><strong><em>φέρεια</em></strong></span> <span class='ocrx_word' id='word_1_133' title='bbox 436 1373 501 1442; x_wconf 80' lang='grc' dir='ltr'><strong><em>τῇ</em></strong></span> <span class='ocrx_word' id='word_1_134' title='bbox 546 1375 655 1425; x_wconf 87' lang='grc' dir='ltr'><strong><em>ΑΒ</em></strong></span> <span class='ocrx_word' id='word_1_135' title='bbox 696 1374 1033 1443; x_wconf 80' lang='grc' dir='ltr'><strong><em>περιφερείᾳ.</em></strong></span> 
     </span>
    </p>

    <p class='ocr_par' dir='ltr' id='par_1_10' title="bbox 206 1455 1898 1619">
     <span class='ocr_line' id='line_1_19' title="bbox 306 1455 1898 1530; baseline -0.001 -17"><span class='ocrx_word' id='word_1_136' title='bbox 306 1455 382 1513; x_wconf 90' lang='grc' dir='ltr'><em>Ἡ</em></span> <span class='ocrx_word' id='word_1_137' title='bbox 413 1457 523 1530; x_wconf 75' lang='grc' dir='ltr'><strong><em>ἄρα</em></strong></span> <span class='ocrx_word' id='word_1_138' title='bbox 563 1462 803 1515; x_wconf 79' lang='grc' dir='ltr'><strong><em>δοθεῖσα</em></strong></span> <span class='ocrx_word' id='word_1_139' title='bbox 841 1459 1165 1530; x_wconf 78' lang='grc' dir='ltr'><strong><em>περιφέρεια</em></strong></span> <span class='ocrx_word' id='word_1_140' title='bbox 1205 1461 1333 1529; x_wconf 79' lang='grc' dir='ltr'><strong><em>δίχα</em></strong></span> <span class='ocrx_word' id='word_1_141' title='bbox 1372 1458 1627 1529; x_wconf 69' lang='grc' dir='ltr'><strong><em>τέτμηται</em></strong></span> <span class='ocrx_word' id='word_1_142' title='bbox 1666 1455 1805 1512; x_wconf 80' lang='grc' dir='ltr'><strong><em>κατὰ</em></strong></span> <span class='ocrx_word' id='word_1_143' title='bbox 1838 1455 1898 1513; x_wconf 89' lang='grc' dir='ltr'><strong><em>τὸ</em></strong></span> 
     </span>
     <span class='ocr_line' id='line_1_20' title="bbox 206 1545 1184 1619; baseline 0.002 -18"><span class='ocrx_word' id='word_1_144' title='bbox 206 1553 262 1601; x_wconf 92' lang='grc' dir='ltr'><em>Δ</em></span> <span class='ocrx_word' id='word_1_145' title='bbox 301 1558 568 1618; x_wconf 80' lang='grc' dir='ltr'><strong><em>σημεῖον·</em></strong></span> <span class='ocrx_word' id='word_1_146' title='bbox 610 1545 746 1617; x_wconf 82' lang='grc' dir='ltr'><strong><em>ὅπερ</em></strong></span> <span class='ocrx_word' id='word_1_147' title='bbox 788 1550 902 1603; x_wconf 79' lang='grc' dir='ltr'><strong><em>ἔδει</em></strong></span> <span class='ocrx_word' id='word_1_148' title='bbox 939 1548 1184 1619; x_wconf 86' lang='grc' dir='ltr'><strong><em>ποιῆσαι.</em></strong></span> 
     </span>
    </p>
   </div>
   <div class='ocr_carea' id='block_1_8' title="bbox 204 1709 1926 2332">
    <p class='ocr_par' dir='ltr' id='par_1_11' title="bbox 995 1709 1111 1765">
     <span class='ocr_line' id='line_1_21' title="bbox 995 1709 1111 1765; baseline 0 0"><span class='ocrx_word' id='word_1_149' title='bbox 995 1709 1111 1765; x_wconf 88' lang='grc' dir='ltr'><strong><em>λα’.</em></strong></span> 
     </span>
    </p>

    <p class='ocr_par' dir='ltr' id='par_1_12' title="bbox 204 1811 1926 2332">
     <span class='ocr_line' id='line_1_22' title="bbox 310 1811 1902 1890; baseline -0.001 -21"><span class='ocrx_word' id='word_1_150' title='bbox 310 1814 411 1870; x_wconf 90' lang='grc' dir='ltr'><strong><em>Ἐν</em></strong></span> <span class='ocrx_word' id='word_1_151' title='bbox 472 1814 687 1890; x_wconf 76' lang='grc' dir='ltr'><strong><em>κύκλῳ</em></strong></span> <span class='ocrx_word' id='word_1_152' title='bbox 743 1811 777 1885; x_wconf 82' lang='grc' dir='ltr'>ἡ</span> <span class='ocrx_word' id='word_1_153' title='bbox 833 1813 951 1885; x_wconf 77' lang='grc' dir='ltr'><strong><em>μὲν</em></strong></span> <span class='ocrx_word' id='word_1_154' title='bbox 1005 1816 1074 1870; x_wconf 80' lang='grc' dir='ltr'><strong><em>ἐν</em></strong></span> <span class='ocrx_word' id='word_1_155' title='bbox 1128 1817 1211 1889; x_wconf 78' lang='grc' dir='ltr'><strong><em>τῷ</em></strong></span> <span class='ocrx_word' id='word_1_156' title='bbox 1263 1811 1635 1887; x_wconf 73' lang='grc' dir='ltr'><strong><em>ἡμικυκλίῳ</em></strong></span> <span class='ocrx_word' id='word_1_157' title='bbox 1694 1817 1902 1884; x_wconf 89' lang='grc' dir='ltr'><strong><em>γωνία</em></strong></span> 
     </span>
     <span class='ocr_line' id='line_1_23' title="bbox 206 1900 1900 1979; baseline -0.001 -20"><span class='ocrx_word' id='word_1_158' title='bbox 206 1901 377 1976; x_wconf 86' lang='grc' dir='ltr'><strong><em>ὀρθή</em></strong></span> <span class='ocrx_word' id='word_1_159' title='bbox 420 1905 630 1974; x_wconf 86' lang='grc' dir='ltr'><strong><em>ἐστιν,</em></strong></span> <span class='ocrx_word' id='word_1_160' title='bbox 677 1900 711 1974; x_wconf 81' lang='grc' dir='ltr'>ἡ</span> <span class='ocrx_word' id='word_1_161' title='bbox 754 1902 825 1959; x_wconf 71' lang='grc' dir='ltr'><strong><em>δὲ</em></strong></span> <span class='ocrx_word' id='word_1_162' title='bbox 865 1904 935 1959; x_wconf 77' lang='grc' dir='ltr'><strong><em>ἐν</em></strong></span> <span class='ocrx_word' id='word_1_163' title='bbox 973 1906 1057 1979; x_wconf 78' lang='grc' dir='ltr'><strong><em>τῷ</em></strong></span> <span class='ocrx_word' id='word_1_164' title='bbox 1098 1905 1355 1975; x_wconf 82' lang='grc' dir='ltr'><strong><em>μείζονι</em></strong></span> <span class='ocrx_word' id='word_1_165' title='bbox 1394 1902 1678 1974; x_wconf 82' lang='grc' dir='ltr'><strong><em>τμήματι</em></strong></span> <span class='ocrx_word' id='word_1_166' title='bbox 1717 1901 1900 1957; x_wconf 80' lang='grc' dir='ltr'><strong><em>ἐλάτ-</em></strong></span> 
     </span>
     <span class='ocr_line' id='line_1_24' title="bbox 204 1989 1901 2069; baseline -0.001 -22"><span class='ocrx_word' id='word_1_167' title='bbox 204 2014 332 2048; x_wconf 90' lang='grc' dir='ltr'><strong><em>των</em></strong></span> <span class='ocrx_word' id='word_1_168' title='bbox 380 1990 615 2065; x_wconf 85' lang='grc' dir='ltr'><strong><em>ὀρθῆς,</em></strong></span> <span class='ocrx_word' id='word_1_169' title='bbox 663 1990 697 2064; x_wconf 84' lang='grc' dir='ltr'><em>ἡ</em></span> <span class='ocrx_word' id='word_1_170' title='bbox 747 1992 818 2048; x_wconf 76' lang='grc' dir='ltr'><strong><em>δὲ</em></strong></span> <span class='ocrx_word' id='word_1_171' title='bbox 858 1994 926 2048; x_wconf 79' lang='grc' dir='ltr'><strong><em>ἐν</em></strong></span> <span class='ocrx_word' id='word_1_172' title='bbox 965 1995 1050 2069; x_wconf 79' lang='grc' dir='ltr'><strong><em>τῷ</em></strong></span> <span class='ocrx_word' id='word_1_173' title='bbox 1101 1990 1405 2048; x_wconf 78' lang='grc' dir='ltr'><strong><em>ἐλάττονι</em></strong></span> <span class='ocrx_word' id='word_1_174' title='bbox 1444 1989 1726 2062; x_wconf 89' lang='grc' dir='ltr'><strong><em>τμήματι</em></strong></span> <span class='ocrx_word' id='word_1_175' title='bbox 1765 1995 1901 2063; x_wconf 85' lang='grc' dir='ltr'><strong><em>μεί-</em></strong></span> 
     </span>
     <span class='ocr_line' id='line_1_25' title="bbox 207 2078 1926 2155; baseline -0.002 -17"><span class='ocrx_word' id='word_1_176' title='bbox 207 2087 329 2150; x_wconf 81' lang='grc' dir='ltr'><strong><em>ζων</em></strong></span> <span class='ocrx_word' id='word_1_177' title='bbox 370 2080 608 2155; x_wconf 85' lang='grc' dir='ltr'><strong><em>ὀρθῆς·</em></strong></span> <span class='ocrx_word' id='word_1_178' title='bbox 646 2082 753 2137; x_wconf 87' lang='grc' dir='ltr'><strong><em>καὶ</em></strong></span> <span class='ocrx_word' id='word_1_179' title='bbox 794 2085 888 2137; x_wconf 83' lang='grc' dir='ltr'><strong><em>ἔτι</em></strong></span> <span class='ocrx_word' id='word_1_180' title='bbox 927 2078 963 2152; x_wconf 81' lang='grc' dir='ltr'><em>ἡ</em></span> <span class='ocrx_word' id='word_1_181' title='bbox 1003 2079 1122 2152; x_wconf 77' lang='grc' dir='ltr'><strong><em>μὲν</em></strong></span> <span class='ocrx_word' id='word_1_182' title='bbox 1160 2083 1278 2136; x_wconf 86' lang='grc' dir='ltr'><strong><em>τοῦ</em></strong></span> <span class='ocrx_word' id='word_1_183' title='bbox 1317 2084 1620 2152; x_wconf 78' lang='grc' dir='ltr'><strong><em>μείζονος</em></strong></span> <span class='ocrx_word' id='word_1_184' title='bbox 1657 2079 1926 2152; x_wconf 80' lang='grc' dir='ltr'><strong><em>τμήμα-.</em></strong></span> 
     </span>
     <span class='ocr_line' id='line_1_26' title="bbox 205 2167 1905 2243; baseline -0.002 -16"><span class='ocrx_word' id='word_1_185' title='bbox 205 2192 313 2238; x_wconf 92' lang='grc' dir='ltr'><strong><em>τος</em></strong></span> <span class='ocrx_word' id='word_1_186' title='bbox 349 2176 559 2243; x_wconf 90' lang='grc' dir='ltr'><strong><em>γωνία</em></strong></span> <span class='ocrx_word' id='word_1_187' title='bbox 598 2174 835 2243; x_wconf 79' lang='grc' dir='ltr'><strong><em>μείζων</em></strong></span> <span class='ocrx_word' id='word_1_188' title='bbox 876 2170 1056 2226; x_wconf 81' lang='grc' dir='ltr'><strong><em>ἐστὶν</em></strong></span> <span class='ocrx_word' id='word_1_189' title='bbox 1095 2167 1336 2243; x_wconf 82' lang='grc' dir='ltr'><strong><em>ὀρθῆς,</em></strong></span> <span class='ocrx_word' id='word_1_190' title='bbox 1375 2167 1410 2241; x_wconf 83' lang='grc' dir='ltr'><em>ἡ</em></span> <span class='ocrx_word' id='word_1_191' title='bbox 1451 2168 1519 2226; x_wconf 69' lang='grc' dir='ltr'><strong><em>δὲ</em></strong></span> <span class='ocrx_word' id='word_1_192' title='bbox 1566 2172 1684 2225; x_wconf 85' lang='grc' dir='ltr'><strong><em>τοῦ</em></strong></span> <span class='ocrx_word' id='word_1_193' title='bbox 1725 2167 1905 2225; x_wconf 83' lang='grc' dir='ltr'><strong><em>ἐλάτ-</em></strong></span> 
     </span>
     <span class='ocr_line' id='line_1_27' title="bbox 207 2256 1614 2332; baseline -0.001 -16"><span class='ocrx_word' id='word_1_194' title='bbox 207 2282 402 2326; x_wconf 89' lang='grc' dir='ltr'><strong><em>τονος</em></strong></span> <span class='ocrx_word' id='word_1_195' title='bbox 440 2258 773 2332; x_wconf 82' lang='grc' dir='ltr'><strong><em>τμήματος</em></strong></span> <span class='ocrx_word' id='word_1_196' title='bbox 811 2265 1021 2331; x_wconf 88' lang='grc' dir='ltr'><strong><em>γωνία</em></strong></span> <span class='ocrx_word' id='word_1_197' title='bbox 1062 2258 1350 2315; x_wconf 81' lang='grc' dir='ltr'><strong><em>ἐλάττων</em></strong></span> <span class='ocrx_word' id='word_1_198' title='bbox 1392 2256 1614 2330; x_wconf 85' lang='grc' dir='ltr'><strong><em>ὀρθῆς.</em></strong></span> 
     </span>
    </p>
   </div>
   <div class='ocr_carea' id='block_1_9' title="bbox 206 2368 563 2374">
    <p class='ocr_par' dir='ltr' id='par_1_13' title="bbox 206 2368 563 2374">
     <span class='ocr_line' id='line_1_28' title="bbox 206 2368 563 2374; baseline 0 0"><span class='ocrx_word' id='word_1_199' title='bbox 206 2368 563 2374; x_wconf 95' lang='lat' dir='ltr'><strong><em> </em></strong></span> 
     </span>
    </p>
   </div>
   <div class='ocr_carea' id='block_1_10' title="bbox 207 2405 1906 2585">
    <p class='ocr_par' dir='ltr' id='par_1_14' title="bbox 207 2405 1906 2585">
     <span class='ocr_line' id='line_1_29' title="bbox 335 2405 1906 2466; baseline -0.001 -14"><span class='ocrx_word' id='word_1_200' title='bbox 335 2407 501 2453; x_wconf 90' lang='lat' dir='ltr'>XXXI.</span> <span class='ocrx_word' id='word_1_201' title='bbox 550 2407 782 2466; x_wconf 84' lang='lat' dir='ltr'>[Euclid.]</span> <span class='ocrx_word' id='word_1_202' title='bbox 832 2408 927 2464; x_wconf 80' lang='lat' dir='ltr'>opt.</span> <span class='ocrx_word' id='word_1_203' title='bbox 975 2412 1031 2452; x_wconf 76' lang='lat'><strong><em>47</em></strong></span> <span class='ocrx_word' id='word_1_204' title='bbox 1080 2406 1304 2464; x_wconf 81' lang='lat' dir='ltr'>(Studien</span> <span class='ocrx_word' id='word_1_205' title='bbox 1351 2422 1397 2464; x_wconf 89' lang='lat' dir='ltr'><strong><em>p.</em></strong></span> <span class='ocrx_word' id='word_1_206' title='bbox 1441 2409 1563 2463; x_wconf 83' lang='lat'>122).</span> <span class='ocrx_word' id='word_1_207' title='bbox 1642 2405 1906 2451; x_wconf 78' lang='lat' dir='ltr'><strong>Alexander</strong></span> 
     </span>
     <span class='ocr_line' id='line_1_30' title="bbox 208 2464 1904 2526; baseline -0.002 -14"><span class='ocrx_word' id='word_1_208' title='bbox 208 2468 415 2526; x_wconf 84' lang='lat' dir='ltr'>Aphrod.</span> <span class='ocrx_word' id='word_1_209' title='bbox 448 2468 499 2512; x_wconf 89' lang='lat' dir='ltr'><strong><em>in</em></strong></span> <span class='ocrx_word' id='word_1_210' title='bbox 531 2468 737 2524; x_wconf 77' lang='lat' dir='ltr'>metaph.</span> <span class='ocrx_word' id='word_1_211' title='bbox 768 2482 814 2524; x_wconf 91' lang='lat' dir='ltr'><strong><em>p.</em></strong></span> <span class='ocrx_word' id='word_1_212' title='bbox 840 2471 942 2512; x_wconf 85' lang='lat'>318.</span> <span class='ocrx_word' id='word_1_213' title='bbox 997 2465 1266 2524; x_wconf 75' lang='lat' dir='ltr'><strong>Simplicius</strong></span> <span class='ocrx_word' id='word_1_214' title='bbox 1298 2467 1346 2510; x_wconf 91' lang='lat' dir='ltr'><strong><em>in</em></strong></span> <span class='ocrx_word' id='word_1_215' title='bbox 1376 2464 1511 2523; x_wconf 74' lang='lat' dir='ltr'>phys.</span> <span class='ocrx_word' id='word_1_216' title='bbox 1543 2465 1623 2510; x_wconf 85' lang='lat' dir='ltr'>fol.</span> <span class='ocrx_word' id='word_1_217' title='bbox 1653 2470 1748 2510; x_wconf 82' lang='lat'>14¹¹.</span> <span class='ocrx_word' id='word_1_218' title='bbox 1794 2465 1904 2509; x_wconf 91' lang='lat' dir='ltr'><strong>Phi-</strong></span> 
     </span>
     <span class='ocr_line' id='line_1_31' title="bbox 207 2525 1366 2585; baseline -0.001 -13"><span class='ocrx_word' id='word_1_219' title='bbox 207 2528 303 2585; x_wconf 90' lang='lat' dir='ltr'>lop.</span> <span class='ocrx_word' id='word_1_220' title='bbox 333 2527 385 2571; x_wconf 90' lang='lat' dir='ltr'><strong><em>in</em></strong></span> <span class='ocrx_word' id='word_1_221' title='bbox 416 2526 538 2571; x_wconf 81' lang='lat' dir='ltr'>anal.</span> <span class='ocrx_word' id='word_1_222' title='bbox 571 2527 614 2571; x_wconf 95' lang='lat' dir='ltr'><strong><em>II</em></strong></span> <span class='ocrx_word' id='word_1_223' title='bbox 645 2526 725 2571; x_wconf 84' lang='lat' dir='ltr'>fol.</span> <span class='ocrx_word' id='word_1_224' title='bbox 751 2529 850 2570; x_wconf 80' lang='lat'>85¹².</span> <span class='ocrx_word' id='word_1_225' title='bbox 893 2525 1080 2571; x_wconf 76' lang='lat' dir='ltr'><strong>Boetius</strong></span> <span class='ocrx_word' id='word_1_226' title='bbox 1111 2541 1157 2583; x_wconf 90' lang='lat' dir='ltr'><strong><em>p.</em></strong></span> <span class='ocrx_word' id='word_1_227' title='bbox 1175 2529 1278 2580; x_wconf 84' lang='lat'>388,</span> <span class='ocrx_word' id='word_1_228' title='bbox 1298 2531 1366 2571; x_wconf 91' lang='grc'><strong><em>10.</em></strong></span> 
     </span>
    </p>
   </div>
   <div class='ocr_carea' id='block_1_11' title="bbox 208 2620 564 2625">
    <p class='ocr_par' dir='ltr' id='par_1_15' title="bbox 208 2620 564 2625">
     <span class='ocr_line' id='line_1_32' title="bbox 208 2620 564 2625; baseline 0 0"><span class='ocrx_word' id='word_1_229' title='bbox 208 2620 564 2625; x_wconf 95' lang='lat' dir='ltr'><strong><em> </em></strong></span> 
     </span>
    </p>
   </div>
   <div class='ocr_carea' id='block_1_12' title="bbox 210 2657 1907 2952">
    <p class='ocr_par' dir='ltr' id='par_1_16' title="bbox 210 2657 1906 2836">
     <span class='ocr_line' id='line_1_33' title="bbox 333 2657 1906 2718; baseline -0.002 -15"><span class='ocrx_word' id='word_1_230' title='bbox 333 2666 372 2703; x_wconf 94' lang='lat'>1.</span> <span class='ocrx_word' id='word_1_231' title='bbox 411 2660 567 2718; x_wconf 83' lang='lat' dir='ltr'><em>AAB]</em></span> <span class='ocrx_word' id='word_1_232' title='bbox 607 2659 700 2704; x_wconf 73' lang='lat' dir='ltr'>litt.</span> <span class='ocrx_word' id='word_1_233' title='bbox 735 2662 824 2703; x_wconf 83' lang='lat' dir='ltr'><strong><em>AB</em></strong></span> <span class='ocrx_word' id='word_1_234' title='bbox 862 2659 912 2703; x_wconf 88' lang='lat' dir='ltr'><strong><em>in</em></strong></span> <span class='ocrx_word' id='word_1_235' title='bbox 950 2673 1038 2703; x_wconf 81' lang='lat' dir='ltr'>ras.</span> <span class='ocrx_word' id='word_1_236' title='bbox 1072 2657 1136 2714; x_wconf 82' lang='lat' dir='ltr'><strong><em>V;</em></strong></span> <span class='ocrx_word' id='word_1_237' title='bbox 1184 2662 1267 2702; x_wconf 89' lang='lat' dir='ltr'><strong><em>AB</em></strong></span> <span class='ocrx_word' id='word_1_238' title='bbox 1307 2672 1423 2703; x_wconf 84' lang='lat' dir='ltr'>corr.</span> <span class='ocrx_word' id='word_1_239' title='bbox 1456 2672 1512 2703; x_wconf 87' lang='lat' dir='ltr'><strong><em>ex</em></strong></span> <span class='ocrx_word' id='word_1_240' title='bbox 1541 2660 1634 2701; x_wconf 86' lang='grc' dir='ltr'><strong><em>ΑΓ</em></strong></span> <span class='ocrx_word' id='word_1_241' title='bbox 1660 2657 1708 2700; x_wconf 89' lang='grc' dir='ltr'><strong><em>Ρ.</em></strong></span> <span class='ocrx_word' id='word_1_242' title='bbox 1863 2661 1906 2700; x_wconf 83' lang='grc'><strong><em>2.</em></strong></span> 
     </span>
     <span class='ocr_line' id='line_1_34' title="bbox 210 2713 1906 2776; baseline -0.002 -14"><span class='ocrx_word' id='word_1_243' title='bbox 210 2722 350 2763; x_wconf 85' lang='grc' dir='ltr'><strong><em>ΑΒΔ</em></strong></span> <span class='ocrx_word' id='word_1_244' title='bbox 380 2719 596 2776; x_wconf 85' lang='lat' dir='ltr'>Bp;.AB</span> <span class='ocrx_word' id='word_1_245' title='bbox 627 2718 677 2764; x_wconf 89' lang='lat' dir='ltr'><strong><em>P.</em></strong></span> <span class='ocrx_word' id='word_1_246' title='bbox 801 2724 842 2763; x_wconf 89' lang='lat'><strong><em>3.</em></strong></span> <span class='ocrx_word' id='word_1_247' title='bbox 876 2718 1006 2776; x_wconf 81' lang='grc' dir='ltr'><strong><em>δίχα]</em></strong></span> <span class='ocrx_word' id='word_1_248' title='bbox 1039 2713 1068 2774; x_wconf 84' lang='grc' dir='ltr'>ἡ</span> <span class='ocrx_word' id='word_1_249' title='bbox 1103 2720 1187 2761; x_wconf 86' lang='grc' dir='ltr'><strong><em>ΑΒ</em></strong></span> <span class='ocrx_word' id='word_1_250' title='bbox 1220 2719 1329 2775; x_wconf 80' lang='grc' dir='ltr'><strong><em>δίχα</em></strong></span> <span class='ocrx_word' id='word_1_251' title='bbox 1361 2718 1416 2763; x_wconf 90' lang='lat' dir='ltr'><strong><em>V.</em></strong></span> <span class='ocrx_word' id='word_1_252' title='bbox 1539 2722 1579 2762; x_wconf 85' lang='lat'>5.</span> <span class='ocrx_word' id='word_1_253' title='bbox 1616 2715 1720 2775; x_wconf 90' lang='grc' dir='ltr'><strong><em>ΓΔ]</em></strong></span> <span class='ocrx_word' id='word_1_254' title='bbox 1754 2715 1819 2760; x_wconf 81' lang='lat' dir='ltr'><strong><em>sic</em></strong></span> <span class='ocrx_word' id='word_1_255' title='bbox 1853 2732 1906 2772; x_wconf 85' lang='grc' dir='ltr'><strong><em>φ,</em></strong></span> 
     </span>
     <span class='ocr_line' id='line_1_35' title="bbox 211 2775 1904 2836; baseline -0.002 -13"><span class='ocrx_word' id='word_1_256' title='bbox 211 2792 236 2823; x_wconf 86' lang='lat' dir='ltr'><strong>e</strong></span> <span class='ocrx_word' id='word_1_257' title='bbox 268 2792 385 2824; x_wconf 84' lang='lat' dir='ltr'>corr.</span> <span class='ocrx_word' id='word_1_258' title='bbox 417 2793 479 2822; x_wconf 88' lang='lat' dir='ltr'>m.</span> <span class='ocrx_word' id='word_1_259' title='bbox 505 2783 531 2822; x_wconf 80' lang='lat'>2</span> <span class='ocrx_word' id='word_1_260' title='bbox 566 2779 620 2824; x_wconf 90' lang='lat' dir='ltr'><strong><em>V.</em></strong></span> <span class='ocrx_word' id='word_1_261' title='bbox 744 2779 830 2822; x_wconf 78' lang='grc' dir='ltr'><strong><em>καί</em></strong></span> <span class='ocrx_word' id='word_1_262' title='bbox 887 2792 975 2823; x_wconf 90' lang='lat' dir='ltr'>om.</span> <span class='ocrx_word' id='word_1_263' title='bbox 1011 2794 1060 2833; x_wconf 89' lang='grc' dir='ltr'><strong><em>φ.</em></strong></span> <span class='ocrx_word' id='word_1_264' title='bbox 1185 2777 1294 2836; x_wconf 91' lang='grc' dir='ltr'><strong><em>ΔΒ]</em></strong></span> <span class='ocrx_word' id='word_1_265' title='bbox 1327 2779 1363 2820; x_wconf 91' lang='grc' dir='ltr'><em>Β</em></span> <span class='ocrx_word' id='word_1_266' title='bbox 1396 2790 1513 2822; x_wconf 85' lang='lat' dir='ltr'>corr.</span> <span class='ocrx_word' id='word_1_267' title='bbox 1547 2791 1603 2821; x_wconf 88' lang='lat' dir='ltr'><strong><em>ex</em></strong></span> <span class='ocrx_word' id='word_1_268' title='bbox 1637 2777 1678 2820; x_wconf 84' lang='grc' dir='ltr'>Θ</span> <span class='ocrx_word' id='word_1_269' title='bbox 1708 2791 1769 2819; x_wconf 91' lang='lat' dir='ltr'>m.</span> <span class='ocrx_word' id='word_1_270' title='bbox 1798 2781 1820 2819; x_wconf 91' lang='lat'><strong>1</strong></span> <span class='ocrx_word' id='word_1_271' title='bbox 1854 2775 1904 2820; x_wconf 77' lang='lat' dir='ltr'>F.</span> 
     </span>
    </p>

    <p class='ocr_par' dir='ltr' id='par_1_17' title="bbox 213 2830 1907 2952">
     <span class='ocr_line' id='line_1_36' title="bbox 271 2830 1905 2896; baseline -0.002 -14"><span class='ocrx_word' id='word_1_272' title='bbox 271 2842 312 2882; x_wconf 88' lang='lat'>8.</span> <span class='ocrx_word' id='word_1_273' title='bbox 346 2836 485 2896; x_wconf 81' lang='grc' dir='ltr'><strong><em>εἰσίν]</em></strong></span> <span class='ocrx_word' id='word_1_274' title='bbox 520 2836 670 2891; x_wconf 72' lang='grc' dir='ltr'><strong><em>ΡΒΡς</em></strong></span> <span class='ocrx_word' id='word_1_275' title='bbox 705 2836 799 2883; x_wconf 83' lang='grc' dir='ltr'><strong><em>εἰσί</em></strong></span> <span class='ocrx_word' id='word_1_276' title='bbox 875 2852 920 2894; x_wconf 88' lang='lat' dir='ltr'><strong><em>p.</em></strong></span> <span class='ocrx_word' id='word_1_277' title='bbox 1018 2841 1060 2881; x_wconf 85' lang='lat'>9.</span> <span class='ocrx_word' id='word_1_278' title='bbox 1092 2837 1174 2880; x_wconf 75' lang='grc' dir='ltr'><strong><em>καὶ</em></strong></span> <span class='ocrx_word' id='word_1_279' title='bbox 1206 2833 1340 2896; x_wconf 84' lang='grc' dir='ltr'><strong><em>βάσις</em></strong></span> <span class='ocrx_word' id='word_1_280' title='bbox 1370 2835 1466 2894; x_wconf 88' lang='lat' dir='ltr'><strong><em>Bp,</em></strong></span> <span class='ocrx_word' id='word_1_281' title='bbox 1495 2835 1538 2880; x_wconf 93' lang='lat' dir='ltr'><strong>V</strong></span> <span class='ocrx_word' id='word_1_282' title='bbox 1569 2850 1630 2880; x_wconf 90' lang='lat' dir='ltr'>m.</span> <span class='ocrx_word' id='word_1_283' title='bbox 1655 2840 1696 2879; x_wconf 77' lang='lat'>2.</span> <span class='ocrx_word' id='word_1_284' title='bbox 1789 2830 1905 2892; x_wconf 77' lang='grc' dir='ltr'><strong><em>ἄρα]</em></strong></span> 
     </span>
     <span class='ocr_line' id='line_1_37' title="bbox 213 2891 1907 2952; baseline -0.003 -11"><span class='ocrx_word' id='word_1_285' title='bbox 213 2910 301 2941; x_wconf 89' lang='lat' dir='ltr'>om.</span> <span class='ocrx_word' id='word_1_286' title='bbox 334 2896 390 2942; x_wconf 89' lang='lat' dir='ltr'><strong><em>V.</em></strong></span> <span class='ocrx_word' id='word_1_287' title='bbox 532 2902 599 2942; x_wconf 90' lang='grc'><strong><em>10.</em></strong></span> <span class='ocrx_word' id='word_1_288' title='bbox 634 2893 737 2942; x_wconf 76' lang='grc' dir='ltr'><strong><em>ἐστι’</em></strong></span> <span class='ocrx_word' id='word_1_289' title='bbox 762 2895 818 2942; x_wconf 89' lang='lat' dir='ltr'>V.</span> <span class='ocrx_word' id='word_1_290' title='bbox 956 2891 1003 2940; x_wconf 81' lang='grc' dir='ltr'><strong><em>δ’</em></strong></span> <span class='ocrx_word' id='word_1_291' title='bbox 1023 2897 1120 2940; x_wconf 78' lang='grc' dir='ltr'><strong><em>ἴσαι</em></strong></span> <span class='ocrx_word' id='word_1_292' title='bbox 1151 2895 1208 2940; x_wconf 87' lang='lat' dir='ltr'>V.</span> <span class='ocrx_word' id='word_1_293' title='bbox 1341 2901 1411 2939; x_wconf 91' lang='lat'>11.</span> <span class='ocrx_word' id='word_1_294' title='bbox 1443 2892 1734 2952; x_wconf 77' lang='grc' dir='ltr'><strong><em>ἀφαιροῦσιν</em></strong></span> <span class='ocrx_word' id='word_1_295' title='bbox 1765 2892 1825 2947; x_wconf 73' lang='grc' dir='ltr'><strong><em>Βς</em></strong></span> <span class='ocrx_word' id='word_1_296' title='bbox 1858 2893 1907 2937; x_wconf 89' lang='lat' dir='ltr'><strong><em>in</em></strong></span> 
     </span>
    </p>
   </div>
  </div>
 </body>
</html>
