1956 3074
212 107 322 147 VIII
838 130 847 136 ·
884 105 1233 146 PRAEFATIO.

214 241 316 293 que
358 226 508 292 sunt,
554 240 695 275 nunc
735 223 888 275 edere
929 223 1120 291 malui,
1161 241 1321 291 quam
1363 241 1497 292 opus
1535 223 1593 274 in
1632 222 1901 275 infinitum

217 312 445 364 differre.

324 398 406 452 De
446 399 675 452 consilio
714 417 833 452 meo
874 399 1006 451 satis
1048 399 1265 451 dictum.
1317 398 1380 450 de
1420 398 1597 452 forma
1637 417 1698 451 ac
1732 399 1906 467 specie

216 487 470 540 editionis
519 486 717 539 sufficit
763 503 1209 554 commemorare,
1259 486 1482 539 eandem
1528 505 1614 539 me
1664 490 1906 539 secutum

214 593 331 628 esse
371 593 532 643 quam
571 574 628 626 in
658 573 980 626 Archimede
1020 573 1241 627 edendo.
1297 591 1423 626 nam
1464 593 1791 644 quamquam
1831 576 1907 627 ui-

215 664 429 732 debam,
476 662 733 715 Latinam
780 662 1287 732 interpretationem
1333 663 1509 714 meam
1559 682 1591 714 a
1629 663 1904 715 nonnullis

212 751 526 820 improbari,
565 752 750 802 tamen
788 750 876 804 hic
915 747 1126 820 quoque
1166 749 1421 803 Latinam
1460 750 1904 820 Francogallicae

213 839 583 892 Germanaeue
626 843 719 892 aut
756 839 893 892 nulli
933 840 1189 908 praetuli3
1234 858 1361 892 nam
1399 839 1904 909 interpretationem

211 927 581 980 mathematici
610 927 874 997 flagitant,
915 931 969 980 et
992 927 1192 980 Latina
1225 947 1256 980 a
1288 928 1534 997 pluribus
1565 927 1676 997 legi
1707 929 1903 995 potest.

209 1018 488 1084 praeterea
534 1034 619 1068 res
676 1016 828 1086 ipsae
871 1016 1110 1069 tritiores
1161 1015 1552 1085 interpretandi
1599 1015 1906 1068 molestiam

209 1103 467 1157 leuiorem
528 1104 762 1157 reddunt
822 1104 880 1156 in
941 1103 1167 1156 Euclide
1231 1122 1394 1173 quam
1453 1104 1511 1155 in
1567 1102 1906 1156 Archimede.

210 1194 369 1245 notas
423 1211 723 1263 perpaucas
779 1192 981 1261 addidi,
1045 1193 1173 1262 quia
1226 1192 1509 1262 perpaucis
1564 1192 1622 1243 in
1676 1190 1902 1243 Euclide

211 1278 544 1333 discentibus
571 1281 874 1334 consulenti
910 1299 1044 1350 opus
1071 1284 1174 1350 est,
1200 1282 1246 1333 si
1271 1281 1441 1333 solam
1468 1279 1900 1348 intellegentiam

209 1368 497 1420 uerborum
551 1369 864 1437 tenorisque
919 1368 1402 1421 demonstrationis
1459 1369 1686 1436 specteS.
1774 1383 1902 1418 nam

211 1458 678 1526 commentarium,
725 1457 875 1510 cuius
922 1455 1011 1509 hic
1053 1473 1265 1525 quoque
1305 1456 1497 1524 ingens
1538 1457 1623 1507 est
1663 1454 1904 1522 materia,

211 1532 444 1597 scribere
496 1544 661 1598 nolui.
740 1547 932 1613 quarto
986 1543 1254 1596 uolumini
1305 1542 1614 1611 copiosiora
1662 1541 1906 1610 prolego-

210 1650 368 1686 mena
406 1632 841 1702 praemittentur,
885 1632 1081 1701 quibus
1121 1631 1354 1684 historia
1391 1633 1571 1683 textus
1614 1630 1906 1682 elemento-

211 1739 330 1773 rum
362 1721 740 1774 illustrabitur.
789 1720 976 1774 eodem
1020 1737 1326 1789 congeram,
1366 1735 1502 1788 quae
1543 1717 1608 1771 de
1649 1717 1905 1770 subsidiis

215 1809 574 1863 deterioribus
616 1809 833 1878 collegi3
887 1827 1015 1861 nam
1063 1807 1465 1877 perspicuitatis
1513 1823 1676 1858 causa
1727 1813 1790 1858 ea
1838 1807 1904 1858 ab

213 1897 476 1968 adparatu
516 1898 702 1951 critico
742 1896 1067 1950 removenda
1111 1899 1289 1965 erant,
1334 1895 1393 1946 in
1439 1901 1543 1963 quo
1583 1893 1650 1946 iis
1691 1897 1905 1947 tantum

209 1987 482 2041 codicibus
529 2005 657 2039 usus
706 2004 845 2054 sum,
902 2003 1037 2054 quos
1090 2002 1253 2054 supra
1300 1983 1734 2036 commemoraui.
1813 1999 1904 2034 eos

207 2075 294 2128 his
333 2075 530 2127 litteris
572 2073 899 2145 significaui:

209 2163 252 2216 P
292 2194 362 2202 —-
397 2162 510 2216 cod.
549 2162 796 2217 Uatican.
844 2161 935 2215 Gr.
979 2162 1087 2214 190
1134 2160 1392 2230 Peyrardi
1441 2177 1576 2213 saec.
1614 2158 1689 2226 X,
1743 2175 1905 2210 mem-

393 2252 545 2304 bran.
598 2251 688 2302 hic
726 2250 836 2303 illic
875 2268 1067 2303 manus
1109 2248 1484 2302 recentissima
1521 2246 1732 2298 litteras
1772 2252 1901 2297 tem-

394 2357 523 2408 pore
572 2339 828 2392 euanidas
875 2337 1186 2406 renouauit,
1241 2354 1401 2405 quam
1441 2335 1625 2388 littera
1664 2350 1704 2386 π
1743 2333 1904 2402 signi—

393 2428 567 2497 ficaui,
592 2428 684 2481 ubi
717 2446 910 2497 parum
941 2429 1085 2479 recte
1120 2425 1445 2493 scripturam
1478 2422 1759 2491 antiquam
1790 2421 1904 2473 red-

395 2515 518 2569 dere
555 2516 853 2571 uidebatur.
915 2515 1084 2567 libros
1125 2512 1359 2566 IV—IX
1396 2513 1510 2581 ipse
1552 2509 1758 2564 contuli
1797 2508 1902 2561 Ro-

392 2623 511 2657 mae
558 2605 716 2674 1881,
754 2604 955 2657 librum
994 2602 1048 2655 II
1089 2605 1141 2655 et
1180 2604 1392 2671 partem
1431 2600 1584 2653 tertii
1622 2597 1902 2668 Mengius3

391 2693 629 2762 primum
684 2696 738 2746 et
790 2692 1054 2761 reliquam
1106 2693 1318 2760 partem
1363 2688 1512 2741 tertii
1559 2686 1901 2757 Augustus

394 2781 539 2835 Mau
579 2803 628 2836 u.
662 2783 710 2835 d.
750 2781 1140 2835 beneuolenter
1180 2777 1502 2832 conferenda
1543 2775 1796 2844 suscepit.

211 2872 256 2925 B
299 2902 365 2910 -
403 2871 514 2924 cod.
554 2863 844 2924 Bodleian.
873 2868 1198 2922 Doruillian.
1238 2867 1303 2936 X,
1333 2869 1358 2920 1
1400 2865 1495 2918 inf.
1520 2865 1571 2932 2,
1598 2864 1685 2932 30,
1726 2880 1824 2924 scr.
1856 2880 1901 2913 a.
