1956 3074
152 568 177 608 5

121 1011 175 1050 10

121 1455 175 1494 15

121 1927 178 1967 20

121 2370 177 2410 25

214 84 281 137 18
841 84 1177 126 ΣΤοΙΧΕΙΩΝ
1209 80 1275 127 α’.

212 208 379 257 ΔΕΖ
440 205 719 274 τρίγωνον
780 201 874 257 καὶ
919 201 1223 271 τιθεμένου
1267 203 1370 256 τοῦ
1419 200 1520 272 μὲν
1570 210 1621 255 Α
1669 206 1903 271 σημείου

211 290 298 345 ἐπὶ
337 289 399 346 τὸ
443 297 497 344 Δ
552 300 783 361 σημεῖον
832 292 929 360 τῆς
978 289 1040 344 δὲ
1079 295 1187 344 ΑΒ
1229 287 1453 355 εὐθείας
1494 291 1579 345 ἐπὶ
1618 289 1722 359 τὴν
1765 296 1900 359 ΔΕ,

212 378 516 450 ἐφαρμόσει
547 378 640 433 καὶ
674 377 735 434 τὸ
770 385 817 433 Β
852 389 1084 448 σημεῖον
1113 378 1198 433 ἐπὶ
1223 377 1285 433 τὸ
1312 385 1364 433 Ε
1401 377 1494 433 διὰ
1517 376 1579 434 τὸ
1606 385 1733 448 ἴσην
1761 375 1904 432 εἶναι

209 464 312 537 τὴν
353 472 460 521 ΑΒ
506 469 571 539 τῇ
615 472 755 521 ΔΕ·
813 466 1208 537 ἐφαρμοσάσης
1255 465 1324 537 δὴ
1371 471 1469 538 τῆς
1508 473 1616 521 AB
1665 466 1751 521 ἐπὶ
1798 464 1903 536 τὴν

212 562 327 610 ΔΕ
364 555 668 629 ἐφαρμόσει
707 555 799 609 καὶ
843 552 878 626 ἡ
911 559 1027 609 ΛΓ
1057 553 1253 610 εὐθεῖα
1294 554 1381 610 ἐπὶ
1418 553 1522 625 τὴν
1556 560 1663 608 ΔΖ
1714 552 1806 609 διὰ
1839 552 1903 610 τὸ

211 652 338 714 ἴσην
379 641 523 699 εἶναι
561 642 664 714 τὴν
705 641 814 699 ὑπὸ
839 648 1012 698 ΒΑΓ
1041 647 1255 714 γωνίαν
1294 646 1359 715 τῇ
1392 639 1504 698 ὑπὸ
1538 648 1651 697 EA
1663 649 1728 697 Z·
1763 640 1905 698 ὥστε

208 733 301 786 καὶ
348 731 410 787 τὸ
452 738 505 787 Γ
548 743 779 803 σημεῖον
832 732 917 787 ἐπὶ
972 731 1123 787 τὸιΖ
1174 742 1405 804 σημεῖον
1452 730 1758 804 ἐφαρμόσει
1809 729 1903 786 διὰ

208 819 270 875 τὸ
321 828 448 891 ἴσην
495 820 664 876 πάλιν
713 818 856 876 εἶναι
895 818 998 891 τὴν
1037 825 1151 875 ΑΓ
1180 824 1246 893 τῇ
1290 827 1413 875 ΔΖ.
1480 819 1618 875 ἀλλὰ
1662 818 1772 890 μὴν
1812 819 1904 874 καὶ

208 908 270 965 τὸ
311 916 357 964 Β
400 910 486 965 ἐπὶ
525 909 587 965 τὸ
630 916 682 964 Ε
718 909 1042 982 ἐφηρμόκει·
1082 908 1222 965 ὥστε
1261 911 1419 980 βάσις
1458 906 1491 979 ἡ
1526 913 1635 963 ΒΓ
1671 907 1758 963 ἐπὶ
1798 907 1898 977 βά-

208 1014 302 1054 σιν
346 998 449 1070 τὴν
490 1005 592 1053 ΕΖ
633 997 950 1070 ἐφαρμόσει.
1012 1001 1063 1053 εἰ
1098 996 1206 1069 γὰρ
1245 1001 1346 1052 τοῦ
1385 996 1487 1067 μὲν
1527 1002 1573 1051 Β
1615 996 1702 1051 ἐπὶ
1743 994 1804 1051 τὸ
1849 1003 1898 1051 Ε

210 1087 632 1159 ἐφαρμόσαντος
670 1090 772 1142 τοῦ
813 1085 876 1142 δὲ
901 1091 953 1142 Γ
986 1087 1072 1142 ἐπὶ
1111 1085 1173 1142 τὸ
1210 1093 1252 1141 Ζ
1284 1084 1318 1158 ἡ
1345 1091 1455 1141 ΒΓ
1488 1085 1651 1156 βάσις
1683 1085 1769 1139 ἐπὶ
1802 1084 1905 1156 τὴν

213 1182 318 1230 ΕΖ
360 1175 462 1232 οὐκ
503 1175 834 1247 ἐφαρμόσει,
883 1174 987 1231 δύο
1029 1173 1246 1230 εὐθεῖαι
1286 1179 1494 1247 χωρίον
1534 1174 1906 1245 περιέξουσιν·

202 1262 344 1337 ἕπερ
386 1265 538 1320 ἐστὶν
568 1262 869 1320 ἀδύνατον.
918 1263 1223 1335 ἐφαρμόσει
1256 1262 1364 1336 ἄρα
1404 1260 1438 1334 ἡ
1473 1267 1584 1317 ΒΓ
1614 1260 1779 1331 βάσις
1819 1263 1907 1318 ἐπὶ

208 1351 310 1424 τὴν
351 1360 453 1408 ΕΖ
491 1353 591 1407 καὶ
633 1360 724 1423 ἴση
768 1350 907 1425 αὐτῇ
951 1355 1123 1407 ἔσται·
1165 1351 1303 1407 ὥστε
1340 1352 1433 1406 καὶ
1473 1349 1608 1406 ὅλον
1648 1349 1709 1405 τὸ
1744 1356 1915 1406 ΑΒΓ

208 1445 483 1514 τρίγωνον
530 1441 617 1497 ἐπὶ
657 1439 791 1496 ὅλον
830 1439 893 1496 τὸ
936 1447 1104 1495 ΔΕΖ
1142 1445 1422 1511 τρίγωνον
1464 1438 1769 1510 ἐφαρμόσει
1808 1440 1905 1494 καὶ

210 1538 336 1586 ἴσον
375 1528 526 1606 αὐτῷ
566 1534 736 1600 ἔσται,
774 1530 867 1584 καὶ
908 1531 969 1584 αἱ
1004 1529 1193 1584 λοιπαὶ
1226 1531 1426 1599 γωνίαι
1461 1528 1547 1582 ἐπὶ
1580 1525 1678 1592 τὰς
1710 1526 1908 1593 λοιπὰς

208 1624 416 1690 γωνίας
465 1617 851 1691 ἐφαρμόσουσι
897 1617 989 1672 καὶ
1030 1625 1146 1672 ἴσαι
1186 1615 1380 1682 αὐταῖς
1420 1620 1673 1685 ἔσονται,
1729 1613 1763 1687 ἡ
1804 1615 1907 1687 μὲν

208 1705 318 1763 ὑπὸ
346 1712 514 1762 ΑΒΓ
545 1710 610 1778 τῇ
650 1704 760 1762 ὑπὸ
787 1712 953 1761 ΔΕΖ
992 1703 1027 1776 ἡ
1069 1705 1130 1761 δὲ
1162 1703 1273 1761 ὑπὸ
1302 1710 1464 1761 ΑΓΒ
1488 1708 1554 1777 τῇ
1581 1701 1690 1759 ὑπὸ
1718 1711 1904 1761 ΔΖΕ.

316 1824 449 1880 Ἐὰν
480 1824 589 1897 ἄρα
623 1824 728 1880 δύο
769 1829 1015 1896 τρίγωνα
1046 1822 1142 1888 τὰς
1175 1823 1280 1879 δύο
1312 1821 1556 1895 πλευρὰς
1599 1828 1758 1891 [ταῖς]
1802 1824 1908 1880 δύο

209 1921 473 1987 πλευραῖς
522 1922 644 1979 ἴσας
695 1917 788 1985 ἔχη
841 1913 1106 1985 ἑκατέραν
1146 1913 1376 1986 ἑκατέρα
1413 1911 1506 1967 καὶ
1543 1909 1651 1982 τὴν
1694 1917 1908 1983 γωνίαν

209 2006 276 2076 τῇ
301 2007 480 2076 γωνίᾳ
505 2009 633 2073 ἴσην
670 2005 764 2074 ἔχῃ
789 2000 895 2071 τὴν
926 1999 1034 2056 ὑπὸ
1068 2004 1181 2056 τῶν
1215 2007 1354 2056 ἴσων
1387 1998 1631 2055 εὐθειῶν
1663 2020 1908 2073 περιεχο-

209 2092 406 2163 μένην,
445 2091 536 2146 καὶ
576 2089 679 2161 τὴν
718 2089 887 2160 βάσιν
925 2093 992 2163 τῇ
1033 2089 1192 2159 βάσει
1234 2097 1362 2159 ἴσην
1396 2090 1521 2159 ἕξει,
1560 2089 1654 2143 καὶ
1693 2087 1755 2144 τὸ
1796 2093 1908 2161 τρί-

210 2202 398 2251 γωνον
436 2183 522 2256 τῷ,
551 2178 808 2254 τριγώνῳ
852 2186 976 2233 ἴσον
1017 2182 1194 2247 ἔσται,
1242 2177 1333 2232 καὶ
1375 2180 1436 2232 αἱ
1472 2178 1664 2232 λοιπαὶ
1703 2183 1904 2249 γωνίαι

210 2279 329 2334 ταῖς
389 2275 609 2334 λοιπαῖς
655 2271 888 2338 γωνίαις
935 2273 1051 2322 ἴσαι
1098 2270 1321 2321 ἔσονται
1376 2266 1606 2338 ἑκατέρα
1653 2266 1901 2340 ἑκατέρᾳ,

212 2355 311 2428 ὑφ’
341 2354 407 2423 ἃς
439 2359 500 2411 αἱ
529 2363 644 2411 ἴσαι
677 2356 910 2428 πλευραὶ
943 2354 1369 2411 ὑποτείνουσιν·
1404 2353 1539 2428 ὅπερ
1573 2359 1685 2410 ἔδει
1719 2357 1909 2422 δεῖξαι.

334 2585 371 2623 1.
404 2576 781 2636 προστιθεμένου
816 2578 869 2633 V,
903 2578 983 2622 sed
1014 2593 1151 2634 προσ·
1184 2577 1372 2635 ριηιοίῑὶε
1403 2577 1495 2622 del.
1618 2575 1728 2634 μέν]
1763 2590 1903 2634 supra.

211 2654 271 2682 m.
300 2644 321 2682 1
355 2639 403 2682 F.
557 2642 597 2682 2.
632 2638 692 2696 A]
726 2637 776 2681 in
806 2651 895 2683 rae.
928 2637 972 2681 b.
1095 2634 1202 2697 τήν]
1237 2637 1291 2695 τῇ
1325 2652 1370 2694 p.
1522 2641 1564 2680 4.
1599 2632 1681 2694 δή]
1714 2636 1901 2692 Fpr3

211 2697 264 2741 δέ
297 2696 403 2751 ΡΒς
438 2696 518 2742 cfr.
550 2712 683 2755 prop.
717 2700 758 2740 8.
942 2702 981 2741 6.
1015 2700 1154 2740 ΒΑΓ
1207 2697 1317 2754 post
1346 2710 1433 2740 ras.
1468 2694 1533 2751 V;
1567 2698 1707 2739 ΑΒΓ
1732 2694 1784 2739 Β.

210 2757 370 2814 ΕΔΖ]
398 2759 534 2800 ΔΕΖ
566 2758 618 2803 Β.
742 2760 783 2802 8.
819 2753 943 2800 εἶναι
974 2752 1117 2799 πάλιν
1190 2791 1198 2800 .
1323 2759 1363 2800 9,
1397 2751 1661 2811 ἐφαρμόσει
1692 2755 1737 2800 b.
1833 2759 1902 2799 13.

211 2811 356 2872 ἐστίν]
391 2830 480 2859 om.
513 2816 570 2862 V.
696 2821 764 2860 16.
797 2818 900 2865 ταῖς
930 2819 1115 2865 λοιπαῖς
1146 2817 1340 2870 γωνίαις
1370 2813 1466 2857 BF.
1593 2819 1660 2858 17.
1696 2810 1902 2870 ἐφαρμό-

209 2889 370 2918 σουσιν
402 2874 453 2918 Ρ.
606 2872 794 2932 αὐταῖς]
827 2871 1046 2931 ἀλλήλαις
1075 2874 1125 2918 F.
1266 2878 1334 2918 19.
1366 2869 1476 2931 δύο]
1512 2872 1630 2930 (alb.)
1665 2874 1692 2930 β
1722 2873 1771 2917 F.
