1956 3074
444 120 459 135 ·
518 114 978 158 ELEMENTORUM
1008 116 1190 158 LIBER
1220 116 1256 158 1.
1565 85 1576 95 ⁰
1663 113 1735 167 29

44 239 156 290 AZ
194 236 511 304 congruent.
557 251 686 287 nam
727 234 774 287 si
812 233 960 286 basis
1001 235 1112 286 ΒΓ
1145 252 1268 287 cum
1307 234 1428 287 basi
1469 238 1573 287 EZ
1613 253 1736 288 con-

46 327 217 396 gruet,
257 323 431 376 latera
470 324 652 376 autem
683 325 821 390 BA,
862 324 976 376 ΑΓ
1001 340 1123 375 cum
1156 326 1294 391 EA,
1335 326 1445 375 AZ
1469 341 1582 376 non
1612 342 1737 377 con-

43 415 263 484 gruent,
309 429 496 464 uerum
544 414 694 464 extra
731 411 947 480 cadent,
993 414 1055 464 ut
1093 413 1235 479 EH,
1274 413 1410 480 ΗΖ,
1450 410 1507 464 in
1551 413 1737 466 eadem

41 504 190 554 recta
227 499 420 552 iisdem
460 499 667 554 duabus
707 501 870 553 rectis
911 499 1048 553 aliae
1088 499 1226 553 duae
1264 502 1445 553 rectae
1485 501 1737 570 aequales

43 590 211 643 altera
258 588 417 641 alteri
456 589 851 642 constituentur
891 589 958 642 ad
999 587 1144 642 aliud
1185 592 1346 658 atque
1388 588 1534 642 aliud
1573 608 1737 659 punc-

41 681 160 731 tum
212 677 280 730 ad
329 677 554 730 eandem
607 681 820 746 partem
875 678 1091 730 eosdem
1142 677 1404 731 terminos
1460 677 1738 732 habentes,

43 767 137 820 sed
183 784 293 819 non
342 767 749 820 constituuntur
798 769 972 835 [prop.
1011 765 1158 833 VIIJ.
1236 767 1420 836 itaque
1471 767 1590 820 fieri
1628 786 1740 822 non

43 859 237 924 potest,
276 858 337 907 ut
376 855 495 907 basi
539 857 646 911 ΒΓ
678 855 743 907 ad
782 855 960 908 basim
1001 859 1109 908 ΕΖ
1153 855 1425 924 adplicata
1462 874 1577 909 non
1617 874 1739 910 con·

43 947 242 1014 gruant
281 944 442 996 etiam
482 943 656 996 latera
680 945 932 1013 ΒΑ,ΑΓ
963 961 1082 996 cum
1123 947 1319 1013 EA,A
1330 947 1388 996 Z.
1441 948 1742 1015 congruent

41 1033 223 1101 igitur.
288 1050 452 1102 quare
493 1032 656 1084 etiam
698 1033 927 1102 angulus
957 1033 1128 1084 ΒΑΓ
1161 1050 1283 1084 cum
1324 1032 1525 1103 angulo
1566 1037 1684 1085 EA
1696 1037 1739 1086 Z

45 1123 306 1190 congruet
344 1123 399 1173 et
438 1121 486 1173 ei
527 1121 767 1191 aequalis
807 1121 912 1174 erit
954 1122 1022 1187 [κ.
1063 1122 1173 1173 ἔνν.
1218 1121 1296 1187 7].

155 1209 304 1279 Ergo
347 1210 393 1262 si
435 1210 540 1263 duo
580 1210 844 1280 trianguli
885 1210 990 1263 duo
1030 1210 1204 1262 latera
1236 1209 1446 1263 duobus
1477 1210 1740 1264 lateribus

45 1299 290 1367 aequalia
335 1299 541 1351 habent
588 1299 819 1352 alterum
869 1298 1026 1352 alteri
1075 1302 1128 1351 et
1173 1298 1347 1351 basim
1388 1298 1510 1351 basi
1549 1317 1741 1369 aequa-

45 1387 152 1439 lem
209 1387 436 1457 habent,
496 1389 660 1441 etiam
715 1389 942 1458 angulos
1008 1387 1322 1458 aequalibus
1383 1389 1543 1442 rectis
1600 1407 1742 1443 com-

44 1474 342 1544 prehensos
384 1477 638 1546 aequales
676 1477 981 1547 habebunt3
1032 1475 1174 1546 quod
1213 1478 1329 1529 erat
1369 1476 1741 1532 demonstran-

52 1563 192 1617 dum.

845 1638 938 1693 IX.

154 1741 357 1793 Datum
398 1742 663 1812 angulum
703 1742 1044 1795 rectilineum
1083 1743 1139 1794 in
1171 1743 1302 1797 duas
1333 1747 1517 1813 partes
1551 1762 1743 1814 aequa-

55 1830 135 1883 les
174 1829 426 1883 diuidere.

157 1917 239 1972 Sit
278 1918 435 1972 datus
478 1920 707 1990 angulus
747 1920 1055 1973 rectilineus
1090 1922 1271 1974 ΒΑΓ.
1326 1924 1543 1990 oportet
1572 1922 1743 1994 igitur

58 2026 180 2062 eum
217 2008 273 2060 in
314 2007 447 2060 duas
488 2011 669 2078 partes
710 2010 959 2079 aequales
1000 2009 1252 2063 diuidere.

157 2099 402 2150 sumatur
447 2097 506 2149 in
544 2102 654 2151 AB
711 2098 938 2168 quoduis
984 2101 1246 2168 punctum
1296 2103 1351 2151 A
1359 2142 1373 2169 ,
1421 2102 1475 2152 et
1526 2100 1594 2153 ab
1634 2105 1687 2153 Α
1699 2104 1750 2153 Γ

49 2189 227 2239 rectae
259 2191 380 2238 AA
412 2187 651 2256 aequalis
690 2187 1041 2240 abscindatur
1072 2192 1125 2240 Α
1134 2191 1187 2241 Ε
1210 2190 1382 2257 [prop.
1406 2188 1528 2259 III],
1562 2191 1617 2242 et
1648 2189 1743 2243 du-

52 2278 206 2328 catur
244 2280 300 2328 A
311 2279 372 2345 E,
414 2278 468 2328 et
506 2275 564 2327 in
590 2279 707 2329 ΔΕ
727 2279 1076 2330 construatur
1113 2277 1419 2348 triangulus
1451 2279 1743 2347 aequilate-

43 2383 134 2416 rus
176 2367 343 2417 AEZ
399 2366 574 2434 [prop.
612 2364 685 2434 IJ,
733 2368 786 2418 et
833 2365 1059 2419 ducatur
1096 2369 1150 2418 A
1164 2369 1222 2420 Ζ,
1294 2366 1435 2435 dico,
1482 2368 1742 2438 angulum

44 2455 221 2505 ΒΑΓ
246 2456 392 2506 recta
417 2459 470 2506 A
482 2457 525 2506 Z
549 2454 606 2507 in
646 2454 777 2507 duas
819 2457 1000 2523 partes
1043 2455 1295 2524 aequales
1338 2455 1571 2509 diuisum
1612 2475 1744 2510 esse.

163 2598 240 2642 IX.
274 2598 542 2656 Simplicius
575 2599 622 2644 in
653 2600 786 2657 phys.
819 2599 898 2644 fol.
922 2605 989 2644 14.
1040 2597 1229 2646 Boetius
1261 2616 1304 2658 p.
1333 2605 1434 2655 381,
1458 2605 1526 2646 ΓΡ.
1590 2652 1594 2655 ,

44 2730 243 2788 μόσουσι
259 2733 314 2777 V.
459 2738 525 2778 11.
561 2730 665 2792 ἐπί]
700 2748 838 2791 supra
869 2735 916 2779 F.
1061 2740 1127 2778 13.
1163 2735 1286 2792 ταῖς]
1321 2749 1409 2779 om.
1444 2735 1533 2792 Pp.
1675 2742 1745 2784 14.

44 2791 102 2848 τῆ
139 2789 273 2851 βάσει
306 2789 392 2848 τὴν
429 2790 564 2852 βάσιν
597 2792 653 2847 Ρς
687 2808 803 2838 corr.
837 2809 896 2838 m.
927 2799 963 2838 1.
1092 2798 1159 2838 19.
1195 2789 1537 2852 εὐθύγραμμον
1570 2797 1746 2851 γωνίαν

47 2838 255 2895 Proclus.
381 2856 451 2896 23.
488 2849 591 2911 ἐπί]
623 2849 714 2910 γὰρ
749 2849 832 2898 ἐπί
859 2853 917 2908 Ρ;
950 2849 1042 2897 ἆπί
1070 2853 1125 2907 V,
1159 2866 1273 2899 corr.
1306 2869 1364 2899 m.
1395 2859 1431 2900 1.
1556 2860 1627 2900 27.
1661 2873 1750 2913 γω-

48 2909 148 2967 νία]
185 2924 272 2954 om.
308 2910 402 2956 BF.
