<?xml version="1.0" encoding="UTF-8"?>
<!DOCTYPE html PUBLIC "-//W3C//DTD XHTML 1.0 Transitional//EN"
    "http://www.w3.org/TR/xhtml1/DTD/xhtml1-transitional.dtd">
<html xmlns="http://www.w3.org/1999/xhtml" xml:lang="en" lang="en">
 <head>
  <title>
</title>
<meta http-equiv="Content-Type" content="text/html;charset=utf-8" />
  <meta name='ocr-system' content='tesseract 3.04.00' />
  <meta name='ocr-capabilities' content='ocr_page ocr_carea ocr_par ocr_line ocrx_word'/>
</head>
<body>
  <div class='ocr_page' id='page_1' title='image "./euclidisoperaomn01eucluoft_0278.png"; bbox 0 0 1956 3074; ppageno 0'>
   <div class='ocr_carea' id='block_1_1' title="bbox 212 89 1278 150">
    <p class='ocr_par' dir='ltr' id='par_1_1' title="bbox 212 89 1278 150">
     <span class='ocr_line' id='line_1_1' title="bbox 212 89 1278 150; baseline -0.001 -13"><span class='ocrx_word' id='word_1_1' title='bbox 212 89 326 143; x_wconf 83' lang='lat'><strong><em>264</em></strong></span> <span class='ocrx_word' id='word_1_2' title='bbox 847 93 1184 136; x_wconf 71' lang='grc' dir='ltr'>ΣΤΟΙΧΕΙῼΝ</span> <span class='ocrx_word' id='word_1_3' title='bbox 1215 90 1278 150; x_wconf 70' lang='grc' dir='ltr'><strong><em>γ’.</em></strong></span> 
     </span>
    </p>
   </div>
   <div class='ocr_carea' id='block_1_2' title="bbox 122 207 1919 2233">
    <p class='ocr_par' dir='ltr' id='par_1_2' title="bbox 122 207 1919 2233">
     <span class='ocr_line' id='line_1_2' title="bbox 208 207 1908 285; baseline 0.004 -22"><span class='ocrx_word' id='word_1_4' title='bbox 208 207 346 264; x_wconf 80' lang='grc' dir='ltr'><strong><em>κατὰ</em></strong></span> <span class='ocrx_word' id='word_1_5' title='bbox 398 207 462 264; x_wconf 85' lang='grc' dir='ltr'><strong><em>τὸ</em></strong></span> <span class='ocrx_word' id='word_1_6' title='bbox 511 215 556 264; x_wconf 92' lang='grc' dir='ltr'><strong><em>Ζ</em></strong></span> <span class='ocrx_word' id='word_1_7' title='bbox 603 221 860 281; x_wconf 82' lang='grc' dir='ltr'><strong><em>σημεῖον,</em></strong></span> <span class='ocrx_word' id='word_1_8' title='bbox 905 210 1229 280; x_wconf 87' lang='grc' dir='ltr'><strong><em>πρόσκειται</em></strong></span> <span class='ocrx_word' id='word_1_9' title='bbox 1285 211 1347 267; x_wconf 77' lang='grc' dir='ltr'><strong><em>δὲ</em></strong></span> <span class='ocrx_word' id='word_1_10' title='bbox 1394 210 1534 285; x_wconf 79' lang='grc' dir='ltr'><strong><em>αὐτῇ</em></strong></span> <span class='ocrx_word' id='word_1_11' title='bbox 1581 210 1616 283; x_wconf 79' lang='grc' dir='ltr'><em>ἡ</em></span> <span class='ocrx_word' id='word_1_12' title='bbox 1663 217 1792 283; x_wconf 84' lang='grc' dir='ltr'><strong><em>ΓΔ,</em></strong></span> <span class='ocrx_word' id='word_1_13' title='bbox 1846 212 1908 269; x_wconf 87' lang='grc' dir='ltr'><strong><em>τὸ</em></strong></span> 
     </span>
     <span class='ocr_line' id='line_1_3' title="bbox 210 294 1907 371; baseline 0.003 -19"><span class='ocrx_word' id='word_1_14' title='bbox 210 296 320 369; x_wconf 75' lang='grc' dir='ltr'><strong><em>ἄρα</em></strong></span> <span class='ocrx_word' id='word_1_15' title='bbox 374 294 484 354; x_wconf 80' lang='grc' dir='ltr'><strong><em>ὑπὸ</em></strong></span> <span class='ocrx_word' id='word_1_16' title='bbox 533 301 646 354; x_wconf 75' lang='grc' dir='ltr'><strong><em>τῶν</em></strong></span> <span class='ocrx_word' id='word_1_17' title='bbox 685 305 740 353; x_wconf 90' lang='lat' dir='ltr'><em>A</em></span> <span class='ocrx_word' id='word_1_18' title='bbox 750 305 829 369; x_wconf 83' lang='lat' dir='ltr'><strong><em>A,</em></strong></span> <span class='ocrx_word' id='word_1_19' title='bbox 884 304 1002 354; x_wconf 91' lang='grc' dir='ltr'><strong><em>ΔΓ</em></strong></span> <span class='ocrx_word' id='word_1_20' title='bbox 1041 298 1176 370; x_wconf 80' lang='grc' dir='ltr'><strong><em>μετὰ</em></strong></span> <span class='ocrx_word' id='word_1_21' title='bbox 1214 305 1316 355; x_wconf 89' lang='grc' dir='ltr'><strong><em>τοῦ</em></strong></span> <span class='ocrx_word' id='word_1_22' title='bbox 1358 298 1466 356; x_wconf 81' lang='grc' dir='ltr'><strong><em>ἀπὸ</em></strong></span> <span class='ocrx_word' id='word_1_23' title='bbox 1506 304 1603 371; x_wconf 84' lang='grc' dir='ltr'><strong><em>τῆς</em></strong></span> <span class='ocrx_word' id='word_1_24' title='bbox 1642 305 1751 355; x_wconf 93' lang='grc' dir='ltr'><strong><em>ΖΓ</em></strong></span> <span class='ocrx_word' id='word_1_25' title='bbox 1782 307 1907 357; x_wconf 75' lang='grc' dir='ltr'><strong><em>ἴσον</em></strong></span> 
     </span>
     <span class='ocr_line' id='line_1_4' title="bbox 211 383 1904 462; baseline 0.004 -22"><span class='ocrx_word' id='word_1_26' title='bbox 211 385 326 441; x_wconf 81' lang='grc' dir='ltr'><strong><em>ἐστὶ</em></strong></span> <span class='ocrx_word' id='word_1_27' title='bbox 375 389 451 462; x_wconf 79' lang='grc' dir='ltr'><strong><em>τῷ</em></strong></span> <span class='ocrx_word' id='word_1_28' title='bbox 507 383 616 442; x_wconf 82' lang='grc' dir='ltr'><strong><em>ἀπὸ</em></strong></span> <span class='ocrx_word' id='word_1_29' title='bbox 670 389 767 457; x_wconf 87' lang='grc' dir='ltr'><strong><em>τῆς</em></strong></span> <span class='ocrx_word' id='word_1_30' title='bbox 814 393 941 442; x_wconf 89' lang='grc' dir='ltr'><strong><em>ΖΛ.</em></strong></span> <span class='ocrx_word' id='word_1_31' title='bbox 1017 386 1214 443; x_wconf 84' lang='grc' dir='ltr'><strong><em>κοινὸν</em></strong></span> <span class='ocrx_word' id='word_1_32' title='bbox 1268 394 1624 460; x_wconf 79' lang='grc' dir='ltr'><strong><em>προσκείσθω</em></strong></span> <span class='ocrx_word' id='word_1_33' title='bbox 1677 388 1741 445; x_wconf 86' lang='grc' dir='ltr'><strong><em>τὸ</em></strong></span> <span class='ocrx_word' id='word_1_34' title='bbox 1798 387 1904 446; x_wconf 79' lang='grc' dir='ltr'><strong><em>ἀπὸ</em></strong></span> 
     </span>
     <span class='ocr_line' id='line_1_5' title="bbox 209 473 1905 548; baseline 0.003 -19"><span class='ocrx_word' id='word_1_35' title='bbox 209 477 307 546; x_wconf 83' lang='grc' dir='ltr'><strong><em>τῆς</em></strong></span> <span class='ocrx_word' id='word_1_36' title='bbox 346 481 478 530; x_wconf 89' lang='grc' dir='ltr'><strong><em>ΖΕ·</em></strong></span> <span class='ocrx_word' id='word_1_37' title='bbox 548 473 611 531; x_wconf 87' lang='grc' dir='ltr'><strong><em>τὸ</em></strong></span> <span class='ocrx_word' id='word_1_38' title='bbox 661 474 769 548; x_wconf 76' lang='grc' dir='ltr'><strong><em>ἄρα</em></strong></span> <span class='ocrx_word' id='word_1_39' title='bbox 815 473 926 531; x_wconf 83' lang='grc' dir='ltr'><strong><em>ὑπὸ</em></strong></span> <span class='ocrx_word' id='word_1_40' title='bbox 971 478 1084 531; x_wconf 77' lang='grc' dir='ltr'><strong><em>τῶν</em></strong></span> <span class='ocrx_word' id='word_1_41' title='bbox 1123 484 1267 546; x_wconf 78' lang='grc' dir='ltr'><strong><em>ΑΔ,</em></strong></span> <span class='ocrx_word' id='word_1_42' title='bbox 1324 482 1439 531; x_wconf 91' lang='grc' dir='ltr'><strong><em>ΔΓ</em></strong></span> <span class='ocrx_word' id='word_1_43' title='bbox 1471 478 1604 548; x_wconf 82' lang='grc' dir='ltr'><strong><em>μετὰ</em></strong></span> <span class='ocrx_word' id='word_1_44' title='bbox 1643 481 1757 534; x_wconf 75' lang='grc' dir='ltr'><strong><em>τῶν</em></strong></span> <span class='ocrx_word' id='word_1_45' title='bbox 1798 476 1905 534; x_wconf 78' lang='grc' dir='ltr'><strong><em>ἀπὸ</em></strong></span> 
     </span>
     <span class='ocr_line' id='line_1_6' title="bbox 153 563 1907 636; baseline 0.003 -19"><span class='ocrx_word' id='word_1_46' title='bbox 153 575 181 615; x_wconf 79' lang='lat'><strong>5</strong></span> <span class='ocrx_word' id='word_1_47' title='bbox 213 567 327 618; x_wconf 79' lang='grc' dir='ltr'><strong><em>τῶν</em></strong></span> <span class='ocrx_word' id='word_1_48' title='bbox 367 569 486 634; x_wconf 75' lang='grc' dir='ltr'><strong><em>ΓΖ,</em></strong></span> <span class='ocrx_word' id='word_1_49' title='bbox 528 570 635 619; x_wconf 90' lang='grc' dir='ltr'><strong><em>ΖΕ</em></strong></span> <span class='ocrx_word' id='word_1_50' title='bbox 671 571 797 619; x_wconf 81' lang='grc' dir='ltr'><strong><em>ἴσον</em></strong></span> <span class='ocrx_word' id='word_1_51' title='bbox 838 564 951 619; x_wconf 83' lang='grc' dir='ltr'><strong><em>ἐστὶ</em></strong></span> <span class='ocrx_word' id='word_1_52' title='bbox 991 576 1108 629; x_wconf 83' lang='grc' dir='ltr'><strong><em>τοῖς</em></strong></span> <span class='ocrx_word' id='word_1_53' title='bbox 1146 563 1255 621; x_wconf 80' lang='grc' dir='ltr'><strong><em>ἀπὸ</em></strong></span> <span class='ocrx_word' id='word_1_54' title='bbox 1296 569 1411 621; x_wconf 79' lang='grc' dir='ltr'><strong><em>τῶν</em></strong></span> <span class='ocrx_word' id='word_1_55' title='bbox 1450 571 1578 636; x_wconf 85' lang='grc' dir='ltr'><strong><em>ΖΔ,</em></strong></span> <span class='ocrx_word' id='word_1_56' title='bbox 1620 572 1737 621; x_wconf 90' lang='grc' dir='ltr'><strong><em>ΖΕ.</em></strong></span> <span class='ocrx_word' id='word_1_57' title='bbox 1792 578 1907 632; x_wconf 87' lang='grc' dir='ltr'><strong><em>τοῖς</em></strong></span> 
     </span>
     <span class='ocr_line' id='line_1_7' title="bbox 212 650 1904 728; baseline 0.004 -22"><span class='ocrx_word' id='word_1_58' title='bbox 212 651 275 707; x_wconf 78' lang='grc' dir='ltr'><strong><em>δὲ</em></strong></span> <span class='ocrx_word' id='word_1_59' title='bbox 314 650 424 707; x_wconf 79' lang='grc' dir='ltr'><strong><em>ἀπὸ</em></strong></span> <span class='ocrx_word' id='word_1_60' title='bbox 465 656 579 708; x_wconf 78' lang='grc' dir='ltr'><strong><em>τῶν</em></strong></span> <span class='ocrx_word' id='word_1_61' title='bbox 603 657 723 722; x_wconf 88' lang='grc' dir='ltr'><strong><em>ΓΖ,</em></strong></span> <span class='ocrx_word' id='word_1_62' title='bbox 750 659 858 707; x_wconf 92' lang='grc' dir='ltr'><strong><em>ΖΕ</em></strong></span> <span class='ocrx_word' id='word_1_63' title='bbox 893 659 1019 708; x_wconf 73' lang='grc' dir='ltr'><strong><em>ἴσον</em></strong></span> <span class='ocrx_word' id='word_1_64' title='bbox 1060 654 1174 709; x_wconf 83' lang='grc' dir='ltr'><strong><em>ἐστὶ</em></strong></span> <span class='ocrx_word' id='word_1_65' title='bbox 1213 653 1274 710; x_wconf 88' lang='grc' dir='ltr'><strong><em>τὸ</em></strong></span> <span class='ocrx_word' id='word_1_66' title='bbox 1315 652 1426 710; x_wconf 77' lang='grc' dir='ltr'><strong><em>ἀπὸ</em></strong></span> <span class='ocrx_word' id='word_1_67' title='bbox 1465 658 1562 726; x_wconf 85' lang='grc' dir='ltr'><strong><em>τῆς</em></strong></span> <span class='ocrx_word' id='word_1_68' title='bbox 1593 661 1724 711; x_wconf 89' lang='grc' dir='ltr'><strong><em>ΕΓ·</em></strong></span> <span class='ocrx_word' id='word_1_69' title='bbox 1757 653 1904 728; x_wconf 84' lang='grc' dir='ltr'><strong><em>ὀρθὴ</em></strong></span> 
     </span>
     <span class='ocr_line' id='line_1_8' title="bbox 210 738 1907 813; baseline 0.002 -17"><span class='ocrx_word' id='word_1_70' title='bbox 210 740 319 813; x_wconf 78' lang='grc' dir='ltr'><strong><em>γὰρ</em></strong></span> <span class='ocrx_word' id='word_1_71' title='bbox 348 743 544 810; x_wconf 80' lang='grc' dir='ltr'><strong><em>[ἐστιν]</em></strong></span> <span class='ocrx_word' id='word_1_72' title='bbox 571 738 605 812; x_wconf 81' lang='grc' dir='ltr'>ἡ</span> <span class='ocrx_word' id='word_1_73' title='bbox 640 740 750 798; x_wconf 84' lang='grc' dir='ltr'><strong><em>ὑπὸ</em></strong></span> <span class='ocrx_word' id='word_1_74' title='bbox 777 747 942 797; x_wconf 90' lang='grc' dir='ltr'><strong><em>ΕΖΓ</em></strong></span> <span class='ocrx_word' id='word_1_75' title='bbox 970 747 1216 813; x_wconf 81' lang='grc' dir='ltr'><strong><em>[γωνιά]”</em></strong></span> <span class='ocrx_word' id='word_1_76' title='bbox 1255 754 1373 808; x_wconf 79' lang='grc' dir='ltr'><strong><em>τοῖς</em></strong></span> <span class='ocrx_word' id='word_1_77' title='bbox 1408 743 1470 799; x_wconf 75' lang='grc' dir='ltr'><strong><em>δὲ</em></strong></span> <span class='ocrx_word' id='word_1_78' title='bbox 1504 742 1614 799; x_wconf 77' lang='grc' dir='ltr'><strong><em>ἀπὸ</em></strong></span> <span class='ocrx_word' id='word_1_79' title='bbox 1639 747 1752 800; x_wconf 77' lang='grc' dir='ltr'><strong><em>τῶν</em></strong></span> <span class='ocrx_word' id='word_1_80' title='bbox 1777 752 1833 799; x_wconf 84' lang='lat' dir='ltr'><em>A</em></span> <span class='ocrx_word' id='word_1_81' title='bbox 1842 750 1907 813; x_wconf 81' lang='lat' dir='ltr'><strong><em>Z,</em></strong></span> 
     </span>
     <span class='ocr_line' id='line_1_9' title="bbox 212 828 1909 903; baseline 0.003 -19"><span class='ocrx_word' id='word_1_82' title='bbox 212 835 321 885; x_wconf 92' lang='grc' dir='ltr'><strong><em>ΖΕ</em></strong></span> <span class='ocrx_word' id='word_1_83' title='bbox 357 836 482 885; x_wconf 83' lang='grc' dir='ltr'><strong><em>ἴσον</em></strong></span> <span class='ocrx_word' id='word_1_84' title='bbox 524 831 639 886; x_wconf 84' lang='grc' dir='ltr'><strong><em>ἐστὶ</em></strong></span> <span class='ocrx_word' id='word_1_85' title='bbox 676 829 741 886; x_wconf 87' lang='grc' dir='ltr'><strong><em>τὸ</em></strong></span> <span class='ocrx_word' id='word_1_86' title='bbox 783 828 891 886; x_wconf 78' lang='grc' dir='ltr'><strong><em>ἀπὸ</em></strong></span> <span class='ocrx_word' id='word_1_87' title='bbox 931 833 1028 901; x_wconf 85' lang='grc' dir='ltr'><strong><em>τῆς</em></strong></span> <span class='ocrx_word' id='word_1_88' title='bbox 1052 837 1187 886; x_wconf 90' lang='grc' dir='ltr'><strong><em>ΕΛ·</em></strong></span> <span class='ocrx_word' id='word_1_89' title='bbox 1227 830 1289 887; x_wconf 88' lang='grc' dir='ltr'><strong><em>τὸ</em></strong></span> <span class='ocrx_word' id='word_1_90' title='bbox 1331 830 1441 903; x_wconf 74' lang='grc' dir='ltr'><strong><em>ἄρα</em></strong></span> <span class='ocrx_word' id='word_1_91' title='bbox 1479 830 1587 889; x_wconf 85' lang='grc' dir='ltr'><strong><em>ὑπὸ</em></strong></span> <span class='ocrx_word' id='word_1_92' title='bbox 1627 836 1741 888; x_wconf 76' lang='grc' dir='ltr'><strong><em>τῶν</em></strong></span> <span class='ocrx_word' id='word_1_93' title='bbox 1773 841 1909 903; x_wconf 85' lang='grc' dir='ltr'><strong><em>ΑΛ,</em></strong></span> 
     </span>
     <span class='ocr_line' id='line_1_10' title="bbox 212 917 1909 997; baseline 0.002 -24"><span class='ocrx_word' id='word_1_94' title='bbox 212 923 330 974; x_wconf 87' lang='grc' dir='ltr'><strong><em>ΛΓ</em></strong></span> <span class='ocrx_word' id='word_1_95' title='bbox 354 917 488 989; x_wconf 78' lang='grc' dir='ltr'><strong><em>μετὰ</em></strong></span> <span class='ocrx_word' id='word_1_96' title='bbox 527 922 630 974; x_wconf 82' lang='grc' dir='ltr'><strong><em>τοῦ</em></strong></span> <span class='ocrx_word' id='word_1_97' title='bbox 669 917 776 974; x_wconf 78' lang='grc' dir='ltr'><strong><em>ἀπὸ</em></strong></span> <span class='ocrx_word' id='word_1_98' title='bbox 818 922 914 991; x_wconf 87' lang='grc' dir='ltr'><strong><em>τῆς</em></strong></span> <span class='ocrx_word' id='word_1_99' title='bbox 945 924 1057 974; x_wconf 92' lang='grc' dir='ltr'><strong><em>ΕΓ</em></strong></span> <span class='ocrx_word' id='word_1_100' title='bbox 1075 926 1202 976; x_wconf 80' lang='grc' dir='ltr'><strong><em>ἴσον</em></strong></span> <span class='ocrx_word' id='word_1_101' title='bbox 1242 921 1357 976; x_wconf 84' lang='grc' dir='ltr'><strong><em>ἐστὶ</em></strong></span> <span class='ocrx_word' id='word_1_102' title='bbox 1395 924 1470 997; x_wconf 75' lang='grc' dir='ltr'><strong><em>τῷ</em></strong></span> <span class='ocrx_word' id='word_1_103' title='bbox 1512 920 1621 977; x_wconf 83' lang='grc' dir='ltr'><strong><em>ἀπὸ</em></strong></span> <span class='ocrx_word' id='word_1_104' title='bbox 1661 925 1757 992; x_wconf 85' lang='grc' dir='ltr'><strong><em>τῆς</em></strong></span> <span class='ocrx_word' id='word_1_105' title='bbox 1783 928 1909 977; x_wconf 90' lang='grc' dir='ltr'><strong><em>ΕΛ.</em></strong></span> 
     </span>
     <span class='ocr_line' id='line_1_11' title="bbox 122 1005 1907 1082; baseline 0.004 -23"><span class='ocrx_word' id='word_1_106' title='bbox 122 1017 179 1058; x_wconf 91' lang='grc'><strong><em>10</em></strong></span> <span class='ocrx_word' id='word_1_107' title='bbox 212 1015 303 1078; x_wconf 76' lang='grc' dir='ltr'><strong><em>ἴση</em></strong></span> <span class='ocrx_word' id='word_1_108' title='bbox 346 1007 407 1062; x_wconf 77' lang='grc' dir='ltr'><strong><em>δὲ</em></strong></span> <span class='ocrx_word' id='word_1_109' title='bbox 446 1005 481 1078; x_wconf 83' lang='grc' dir='ltr'><em>ἡ</em></span> <span class='ocrx_word' id='word_1_110' title='bbox 520 1012 631 1062; x_wconf 89' lang='grc' dir='ltr'><strong><em>ΕΓ</em></strong></span> <span class='ocrx_word' id='word_1_111' title='bbox 663 1011 728 1080; x_wconf 79' lang='grc' dir='ltr'><strong><em>τῇ</em></strong></span> <span class='ocrx_word' id='word_1_112' title='bbox 770 1013 905 1063; x_wconf 89' lang='grc' dir='ltr'><strong><em>ΕΒ·</em></strong></span> <span class='ocrx_word' id='word_1_113' title='bbox 946 1006 1009 1064; x_wconf 87' lang='grc' dir='ltr'><strong><em>τὸ</em></strong></span> <span class='ocrx_word' id='word_1_114' title='bbox 1050 1007 1161 1079; x_wconf 73' lang='grc' dir='ltr'><strong><em>ἄρα</em></strong></span> <span class='ocrx_word' id='word_1_115' title='bbox 1198 1006 1310 1065; x_wconf 84' lang='grc' dir='ltr'><strong><em>ὑπὸ</em></strong></span> <span class='ocrx_word' id='word_1_116' title='bbox 1350 1013 1465 1064; x_wconf 79' lang='grc' dir='ltr'><strong><em>τῶν</em></strong></span> <span class='ocrx_word' id='word_1_117' title='bbox 1501 1016 1637 1080; x_wconf 81' lang='grc' dir='ltr'><strong><em>ΑΔ,</em></strong></span> <span class='ocrx_word' id='word_1_118' title='bbox 1672 1015 1791 1065; x_wconf 93' lang='grc' dir='ltr'><strong><em>ΔΓ</em></strong></span> <span class='ocrx_word' id='word_1_119' title='bbox 1822 1032 1907 1082; x_wconf 91' lang='grc' dir='ltr'><strong><em>με-</em></strong></span> 
     </span>
     <span class='ocr_line' id='line_1_12' title="bbox 210 1094 1906 1175; baseline 0.002 -24"><span class='ocrx_word' id='word_1_120' title='bbox 210 1096 277 1151; x_wconf 83' lang='grc' dir='ltr'><strong><em>τὰ</em></strong></span> <span class='ocrx_word' id='word_1_121' title='bbox 316 1099 418 1152; x_wconf 79' lang='grc' dir='ltr'><strong><em>τοῦ</em></strong></span> <span class='ocrx_word' id='word_1_122' title='bbox 465 1094 576 1152; x_wconf 75' lang='grc' dir='ltr'><strong><em>ἀπὸ</em></strong></span> <span class='ocrx_word' id='word_1_123' title='bbox 622 1100 720 1167; x_wconf 87' lang='grc' dir='ltr'><strong><em>τῆς</em></strong></span> <span class='ocrx_word' id='word_1_124' title='bbox 766 1102 871 1152; x_wconf 91' lang='grc' dir='ltr'><strong><em>ΕΒ</em></strong></span> <span class='ocrx_word' id='word_1_125' title='bbox 912 1104 1038 1152; x_wconf 76' lang='grc' dir='ltr'><strong><em>ἴσον</em></strong></span> <span class='ocrx_word' id='word_1_126' title='bbox 1079 1098 1193 1153; x_wconf 84' lang='grc' dir='ltr'><strong><em>ἐστὶ</em></strong></span> <span class='ocrx_word' id='word_1_127' title='bbox 1233 1102 1308 1174; x_wconf 76' lang='grc' dir='ltr'><strong><em>τῷ</em></strong></span> <span class='ocrx_word' id='word_1_128' title='bbox 1349 1095 1458 1153; x_wconf 79' lang='grc' dir='ltr'><strong><em>ἀπό</em></strong></span> <span class='ocrx_word' id='word_1_129' title='bbox 1491 1101 1586 1169; x_wconf 85' lang='grc' dir='ltr'><strong><em>τῆς</em></strong></span> <span class='ocrx_word' id='word_1_130' title='bbox 1625 1104 1753 1154; x_wconf 91' lang='grc' dir='ltr'><strong><em>ΕΔ.</em></strong></span> <span class='ocrx_word' id='word_1_131' title='bbox 1831 1102 1906 1175; x_wconf 81' lang='grc' dir='ltr'><strong><em>τῷ</em></strong></span> 
     </span>
     <span class='ocr_line' id='line_1_13' title="bbox 214 1183 1908 1257; baseline 0.001 -16"><span class='ocrx_word' id='word_1_132' title='bbox 214 1185 276 1241; x_wconf 74' lang='grc' dir='ltr'><strong><em>δὲ</em></strong></span> <span class='ocrx_word' id='word_1_133' title='bbox 314 1183 424 1241; x_wconf 77' lang='grc' dir='ltr'><strong><em>ἀπὸ</em></strong></span> <span class='ocrx_word' id='word_1_134' title='bbox 463 1189 561 1256; x_wconf 89' lang='grc' dir='ltr'><strong><em>τῆς</em></strong></span> <span class='ocrx_word' id='word_1_135' title='bbox 600 1192 716 1241; x_wconf 90' lang='grc' dir='ltr'><strong><em>ΕΛ</em></strong></span> <span class='ocrx_word' id='word_1_136' title='bbox 756 1193 848 1241; x_wconf 83' lang='grc' dir='ltr'><strong><em>ἴσα</em></strong></span> <span class='ocrx_word' id='word_1_137' title='bbox 881 1186 995 1242; x_wconf 81' lang='grc' dir='ltr'><strong><em>ἐστὶ</em></strong></span> <span class='ocrx_word' id='word_1_138' title='bbox 1026 1185 1093 1240; x_wconf 80' lang='grc' dir='ltr'><strong><em>τὰ</em></strong></span> <span class='ocrx_word' id='word_1_139' title='bbox 1126 1184 1235 1242; x_wconf 78' lang='grc' dir='ltr'><strong><em>ἀπὸ</em></strong></span> <span class='ocrx_word' id='word_1_140' title='bbox 1267 1191 1381 1242; x_wconf 78' lang='grc' dir='ltr'><strong><em>τῶν</em></strong></span> <span class='ocrx_word' id='word_1_141' title='bbox 1411 1193 1537 1256; x_wconf 82' lang='grc' dir='ltr'><strong><em>ΕΒ,</em></strong></span> <span class='ocrx_word' id='word_1_142' title='bbox 1577 1193 1718 1242; x_wconf 92' lang='grc' dir='ltr'><strong><em>ΒΔ·</em></strong></span> <span class='ocrx_word' id='word_1_143' title='bbox 1761 1185 1908 1257; x_wconf 81' lang='grc' dir='ltr'><strong><em>ὀρθὴ</em></strong></span> 
     </span>
     <span class='ocr_line' id='line_1_14' title="bbox 211 1271 1919 1347; baseline 0.001 -18"><span class='ocrx_word' id='word_1_144' title='bbox 211 1272 318 1345; x_wconf 74' lang='grc' dir='ltr'><strong><em>γὰρ</em></strong></span> <span class='ocrx_word' id='word_1_145' title='bbox 357 1272 391 1345; x_wconf 80' lang='grc' dir='ltr'>ἡ</span> <span class='ocrx_word' id='word_1_146' title='bbox 431 1271 542 1330; x_wconf 86' lang='grc' dir='ltr'><strong><em>ὑπὸ</em></strong></span> <span class='ocrx_word' id='word_1_147' title='bbox 583 1281 761 1330; x_wconf 91' lang='grc' dir='ltr'><strong><em>ΕΒΔ</em></strong></span> <span class='ocrx_word' id='word_1_148' title='bbox 799 1280 1007 1345; x_wconf 76' lang='grc' dir='ltr'><strong><em>γωνία·</em></strong></span> <span class='ocrx_word' id='word_1_149' title='bbox 1055 1274 1118 1332; x_wconf 90' lang='grc' dir='ltr'><strong><em>τὸ</em></strong></span> <span class='ocrx_word' id='word_1_150' title='bbox 1160 1274 1269 1347; x_wconf 73' lang='grc' dir='ltr'><strong><em>ἄρα</em></strong></span> <span class='ocrx_word' id='word_1_151' title='bbox 1307 1273 1418 1331; x_wconf 84' lang='grc' dir='ltr'><strong><em>ὑπὸ</em></strong></span> <span class='ocrx_word' id='word_1_152' title='bbox 1458 1279 1570 1331; x_wconf 77' lang='grc' dir='ltr'><strong><em>τῶν</em></strong></span> <span class='ocrx_word' id='word_1_153' title='bbox 1610 1281 1745 1346; x_wconf 85' lang='grc' dir='ltr'><strong><em>ΑΔ,</em></strong></span> <span class='ocrx_word' id='word_1_154' title='bbox 1802 1281 1919 1331; x_wconf 92' lang='grc' dir='ltr'><strong><em>ΔΓ</em></strong></span> 
     </span>
     <span class='ocr_line' id='line_1_15' title="bbox 212 1361 1910 1434; baseline 0.002 -17"><span class='ocrx_word' id='word_1_155' title='bbox 212 1361 346 1434; x_wconf 80' lang='grc' dir='ltr'><strong><em>μετὰ</em></strong></span> <span class='ocrx_word' id='word_1_156' title='bbox 400 1365 502 1418; x_wconf 85' lang='grc' dir='ltr'><strong><em>τοῦ</em></strong></span> <span class='ocrx_word' id='word_1_157' title='bbox 554 1361 663 1418; x_wconf 78' lang='grc' dir='ltr'><strong><em>ἀπὸ</em></strong></span> <span class='ocrx_word' id='word_1_158' title='bbox 704 1367 800 1434; x_wconf 88' lang='grc' dir='ltr'><strong><em>τῆς</em></strong></span> <span class='ocrx_word' id='word_1_159' title='bbox 841 1369 945 1418; x_wconf 89' lang='grc' dir='ltr'><strong><em>ΕΒ</em></strong></span> <span class='ocrx_word' id='word_1_160' title='bbox 994 1371 1120 1419; x_wconf 77' lang='grc' dir='ltr'><strong><em>ἴσον</em></strong></span> <span class='ocrx_word' id='word_1_161' title='bbox 1168 1364 1283 1419; x_wconf 81' lang='grc' dir='ltr'><strong><em>ἐστὶ</em></strong></span> <span class='ocrx_word' id='word_1_162' title='bbox 1330 1374 1446 1429; x_wconf 82' lang='grc' dir='ltr'><strong><em>τοῖς</em></strong></span> <span class='ocrx_word' id='word_1_163' title='bbox 1485 1362 1593 1419; x_wconf 82' lang='grc' dir='ltr'><strong><em>ἀπὸ</em></strong></span> <span class='ocrx_word' id='word_1_164' title='bbox 1634 1367 1748 1419; x_wconf 80' lang='grc' dir='ltr'><strong><em>τῶν</em></strong></span> <span class='ocrx_word' id='word_1_165' title='bbox 1787 1370 1910 1433; x_wconf 82' lang='grc' dir='ltr'><strong><em>ΕΒ,</em></strong></span> 
     </span>
     <span class='ocr_line' id='line_1_16' title="bbox 124 1449 1910 1526; baseline 0 -19"><span class='ocrx_word' id='word_1_166' title='bbox 124 1460 177 1500; x_wconf 88' lang='lat'><strong><em>15</em></strong></span> <span class='ocrx_word' id='word_1_167' title='bbox 210 1458 338 1507; x_wconf 83' lang='lat' dir='ltr'><strong><em>BA.</em></strong></span> <span class='ocrx_word' id='word_1_168' title='bbox 402 1452 596 1508; x_wconf 86' lang='grc' dir='ltr'><strong><em>κοινὸν</em></strong></span> <span class='ocrx_word' id='word_1_169' title='bbox 637 1450 956 1525; x_wconf 75' lang='grc' dir='ltr'><em>ἀφῃρήσθω</em></span> <span class='ocrx_word' id='word_1_170' title='bbox 996 1451 1059 1508; x_wconf 87' lang='grc' dir='ltr'><strong><em>τὸ</em></strong></span> <span class='ocrx_word' id='word_1_171' title='bbox 1099 1449 1208 1508; x_wconf 80' lang='grc' dir='ltr'><strong><em>ἀπὸ</em></strong></span> <span class='ocrx_word' id='word_1_172' title='bbox 1248 1455 1347 1524; x_wconf 87' lang='grc' dir='ltr'><strong><em>τῆς</em></strong></span> <span class='ocrx_word' id='word_1_173' title='bbox 1385 1459 1514 1509; x_wconf 81' lang='grc' dir='ltr'><strong><em>ΕΒ·</em></strong></span> <span class='ocrx_word' id='word_1_174' title='bbox 1562 1451 1762 1509; x_wconf 88' lang='grc' dir='ltr'><strong><em>λοιπὸν</em></strong></span> <span class='ocrx_word' id='word_1_175' title='bbox 1801 1450 1910 1526; x_wconf 73' lang='grc' dir='ltr'><strong><em>ἄρα</em></strong></span> 
     </span>
     <span class='ocr_line' id='line_1_17' title="bbox 210 1538 1786 1616; baseline -0.001 -19"><span class='ocrx_word' id='word_1_176' title='bbox 210 1539 273 1597; x_wconf 83' lang='grc' dir='ltr'><strong><em>τὸ</em></strong></span> <span class='ocrx_word' id='word_1_177' title='bbox 313 1538 426 1596; x_wconf 80' lang='grc' dir='ltr'><strong><em>ὑπὸ</em></strong></span> <span class='ocrx_word' id='word_1_178' title='bbox 467 1543 581 1596; x_wconf 78' lang='grc' dir='ltr'><strong><em>τῶν</em></strong></span> <span class='ocrx_word' id='word_1_179' title='bbox 620 1548 756 1610; x_wconf 87' lang='grc' dir='ltr'><strong><em>ΑΔ,</em></strong></span> <span class='ocrx_word' id='word_1_180' title='bbox 798 1546 914 1596; x_wconf 89' lang='grc' dir='ltr'><strong><em>ΔΓ·</em></strong></span> <span class='ocrx_word' id='word_1_181' title='bbox 947 1549 1074 1597; x_wconf 76' lang='grc' dir='ltr'><strong><em>ἴσον</em></strong></span> <span class='ocrx_word' id='word_1_182' title='bbox 1114 1541 1228 1597; x_wconf 81' lang='grc' dir='ltr'><strong><em>ἐστὶ</em></strong></span> <span class='ocrx_word' id='word_1_183' title='bbox 1267 1545 1343 1616; x_wconf 76' lang='grc' dir='ltr'><strong><em>τῷ</em></strong></span> <span class='ocrx_word' id='word_1_184' title='bbox 1383 1539 1492 1597; x_wconf 80' lang='grc' dir='ltr'><strong><em>ἀπὸ</em></strong></span> <span class='ocrx_word' id='word_1_185' title='bbox 1531 1545 1629 1613; x_wconf 84' lang='grc' dir='ltr'><strong><em>τῆς</em></strong></span> <span class='ocrx_word' id='word_1_186' title='bbox 1661 1548 1786 1597; x_wconf 93' lang='grc' dir='ltr'><strong><em>ΔΒ.</em></strong></span> 
     </span>
     <span class='ocr_line' id='line_1_18' title="bbox 319 1627 1905 1702; baseline 0.001 -18"><span class='ocrx_word' id='word_1_187' title='bbox 319 1627 450 1685; x_wconf 82' lang='grc' dir='ltr'><strong><em>Ἐὰν</em></strong></span> <span class='ocrx_word' id='word_1_188' title='bbox 491 1628 601 1700; x_wconf 75' lang='grc' dir='ltr'><strong><em>ἄρα</em></strong></span> <span class='ocrx_word' id='word_1_189' title='bbox 639 1629 851 1685; x_wconf 84' lang='grc' dir='ltr'><strong><em>κύκλου</em></strong></span> <span class='ocrx_word' id='word_1_190' title='bbox 890 1634 1085 1702; x_wconf 81' lang='grc' dir='ltr'><em>ληφθῇ</em></span> <span class='ocrx_word' id='word_1_191' title='bbox 1123 1653 1175 1685; x_wconf 94' lang='grc' dir='ltr'><strong><em>τι</em></strong></span> <span class='ocrx_word' id='word_1_192' title='bbox 1212 1642 1444 1702; x_wconf 84' lang='grc' dir='ltr'><strong><em>σημεῖον</em></strong></span> <span class='ocrx_word' id='word_1_193' title='bbox 1476 1629 1647 1701; x_wconf 80' lang='grc' dir='ltr'><strong><em>ἐκτός,</em></strong></span> <span class='ocrx_word' id='word_1_194' title='bbox 1686 1631 1779 1686; x_wconf 88' lang='grc' dir='ltr'><strong><em>καὶ</em></strong></span> <span class='ocrx_word' id='word_1_195' title='bbox 1811 1628 1905 1687; x_wconf 80' lang='grc' dir='ltr'><strong><em>ἀπ’</em></strong></span> 
     </span>
     <span class='ocr_line' id='line_1_19' title="bbox 211 1715 1909 1790; baseline 0.001 -17"><span class='ocrx_word' id='word_1_196' title='bbox 211 1715 390 1773; x_wconf 83' lang='grc' dir='ltr'><strong><em>αὐτοῦ</em></strong></span> <span class='ocrx_word' id='word_1_197' title='bbox 430 1716 569 1788; x_wconf 88' lang='grc' dir='ltr'><strong><em>πρὸς</em></strong></span> <span class='ocrx_word' id='word_1_198' title='bbox 602 1717 702 1773; x_wconf 89' lang='grc' dir='ltr'><strong><em>τὸν</em></strong></span> <span class='ocrx_word' id='word_1_199' title='bbox 741 1718 951 1774; x_wconf 82' lang='grc' dir='ltr'><strong><em>κύκλον</em></strong></span> <span class='ocrx_word' id='word_1_200' title='bbox 983 1724 1370 1790; x_wconf 77' lang='grc' dir='ltr'><strong><em>προσπίπτωσι</em></strong></span> <span class='ocrx_word' id='word_1_201' title='bbox 1401 1718 1507 1775; x_wconf 79' lang='grc' dir='ltr'><strong><em>δύο</em></strong></span> <span class='ocrx_word' id='word_1_202' title='bbox 1542 1717 1779 1790; x_wconf 79' lang='grc' dir='ltr'><strong><em>εὐθεῖαι,</em></strong></span> <span class='ocrx_word' id='word_1_203' title='bbox 1817 1719 1909 1775; x_wconf 84' lang='grc' dir='ltr'><strong><em>καὶ</em></strong></span> 
     </span>
     <span class='ocr_line' id='line_1_20' title="bbox 211 1804 1911 1880; baseline 0.002 -19"><span class='ocrx_word' id='word_1_204' title='bbox 211 1804 246 1877; x_wconf 84' lang='grc' dir='ltr'>ἡ</span> <span class='ocrx_word' id='word_1_205' title='bbox 302 1805 405 1878; x_wconf 72' lang='grc' dir='ltr'><strong><em>μὲν</em></strong></span> <span class='ocrx_word' id='word_1_206' title='bbox 460 1804 649 1862; x_wconf 80' lang='grc' dir='ltr'><strong><em>αὐτῶν</em></strong></span> <span class='ocrx_word' id='word_1_207' title='bbox 702 1807 872 1880; x_wconf 82' lang='grc' dir='ltr'><em>τέμνῃ</em></span> <span class='ocrx_word' id='word_1_208' title='bbox 927 1806 1029 1863; x_wconf 90' lang='grc' dir='ltr'><strong><em>τὸν</em></strong></span> <span class='ocrx_word' id='word_1_209' title='bbox 1075 1807 1309 1878; x_wconf 86' lang='grc' dir='ltr'><strong><em>κύκλον,</em></strong></span> <span class='ocrx_word' id='word_1_210' title='bbox 1375 1806 1410 1880; x_wconf 85' lang='grc' dir='ltr'><em>ἡ</em></span> <span class='ocrx_word' id='word_1_211' title='bbox 1468 1807 1530 1864; x_wconf 77' lang='grc' dir='ltr'><strong><em>δὲ</em></strong></span> <span class='ocrx_word' id='word_1_212' title='bbox 1585 1807 1911 1879; x_wconf 78' lang='grc' dir='ltr'><strong><em>ἐφάπτηται,</em></strong></span> 
     </span>
     <span class='ocr_line' id='line_1_21' title="bbox 124 1893 1910 1968; baseline 0.001 -18"><span class='ocrx_word' id='word_1_213' title='bbox 124 1905 181 1944; x_wconf 82' lang='grc'><strong><em>20</em></strong></span> <span class='ocrx_word' id='word_1_214' title='bbox 214 1900 366 1951; x_wconf 81' lang='grc' dir='ltr'><strong><em>ἔσται</em></strong></span> <span class='ocrx_word' id='word_1_215' title='bbox 412 1894 475 1951; x_wconf 88' lang='grc' dir='ltr'><strong><em>τὸ</em></strong></span> <span class='ocrx_word' id='word_1_216' title='bbox 517 1893 627 1951; x_wconf 85' lang='grc' dir='ltr'><strong><em>ὑπὸ</em></strong></span> <span class='ocrx_word' id='word_1_217' title='bbox 668 1893 802 1967; x_wconf 83' lang='grc' dir='ltr'><strong><em>ὅλης</em></strong></span> <span class='ocrx_word' id='word_1_218' title='bbox 838 1900 936 1967; x_wconf 83' lang='grc' dir='ltr'><strong><em>τῆς</em></strong></span> <span class='ocrx_word' id='word_1_219' title='bbox 971 1898 1279 1968; x_wconf 82' lang='grc' dir='ltr'><strong><em>τεμνούσης</em></strong></span> <span class='ocrx_word' id='word_1_220' title='bbox 1316 1897 1408 1952; x_wconf 89' lang='grc' dir='ltr'><strong><em>καὶ</em></strong></span> <span class='ocrx_word' id='word_1_221' title='bbox 1446 1900 1544 1968; x_wconf 84' lang='grc' dir='ltr'><strong><em>τῆς</em></strong></span> <span class='ocrx_word' id='word_1_222' title='bbox 1583 1895 1736 1962; x_wconf 81' lang='grc' dir='ltr'><strong><em>ἐκτὸς</em></strong></span> <span class='ocrx_word' id='word_1_223' title='bbox 1774 1894 1910 1952; x_wconf 79' lang='grc' dir='ltr'><strong><em>ἀπο-</em></strong></span> 
     </span>
     <span class='ocr_line' id='line_1_22' title="bbox 212 1984 1912 2058; baseline 0.001 -19"><span class='ocrx_word' id='word_1_224' title='bbox 212 1986 642 2055; x_wconf 82' lang='grc' dir='ltr'><strong><em>λαμβανομένης</em></strong></span> <span class='ocrx_word' id='word_1_225' title='bbox 688 1984 890 2056; x_wconf 83' lang='grc' dir='ltr'><strong><em>μεταξὺ</em></strong></span> <span class='ocrx_word' id='word_1_226' title='bbox 940 1989 1043 2040; x_wconf 86' lang='grc' dir='ltr'><strong><em>τοῦ</em></strong></span> <span class='ocrx_word' id='word_1_227' title='bbox 1082 2007 1140 2041; x_wconf 92' lang='grc' dir='ltr'><strong><em>τε</em></strong></span> <span class='ocrx_word' id='word_1_228' title='bbox 1180 1990 1413 2057; x_wconf 87' lang='grc' dir='ltr'><strong><em>σημείου</em></strong></span> <span class='ocrx_word' id='word_1_229' title='bbox 1451 1985 1543 2041; x_wconf 91' lang='grc' dir='ltr'><strong><em>καὶ</em></strong></span> <span class='ocrx_word' id='word_1_230' title='bbox 1574 1988 1671 2056; x_wconf 87' lang='grc' dir='ltr'><strong><em>τῆς</em></strong></span> <span class='ocrx_word' id='word_1_231' title='bbox 1708 1989 1912 2058; x_wconf 79' lang='grc' dir='ltr'><strong><em>κυρτῆς</em></strong></span> 
     </span>
     <span class='ocr_line' id='line_1_23' title="bbox 213 2070 1909 2149; baseline 0.001 -22"><span class='ocrx_word' id='word_1_232' title='bbox 213 2076 567 2144; x_wconf 85' lang='grc' dir='ltr'><strong><em>περιφερείας</em></strong></span> <span class='ocrx_word' id='word_1_233' title='bbox 607 2079 734 2128; x_wconf 81' lang='grc' dir='ltr'><strong><em>ἴσον</em></strong></span> <span class='ocrx_word' id='word_1_234' title='bbox 765 2076 840 2149; x_wconf 77' lang='grc' dir='ltr'><strong><em>τῷ</em></strong></span> <span class='ocrx_word' id='word_1_235' title='bbox 874 2070 983 2129; x_wconf 75' lang='grc' dir='ltr'><strong><em>ἀπὸ</em></strong></span> <span class='ocrx_word' id='word_1_236' title='bbox 1017 2077 1115 2145; x_wconf 85' lang='grc' dir='ltr'><strong><em>τῆς</em></strong></span> <span class='ocrx_word' id='word_1_237' title='bbox 1147 2075 1531 2146; x_wconf 83' lang='grc' dir='ltr'><strong><em>ἐφαπτομένης</em></strong></span> <span class='ocrx_word' id='word_1_238' title='bbox 1560 2072 1909 2148; x_wconf 76' lang='grc' dir='ltr'><strong><em>τετραγώνῳ·</em></strong></span> 
     </span>
     <span class='ocr_line' id='line_1_24' title="bbox 216 2158 736 2233; baseline 0.01 -22"><span class='ocrx_word' id='word_1_239' title='bbox 216 2158 351 2233; x_wconf 62' lang='grc' dir='ltr'><strong><em>ἶν’περ</em></strong></span> <span class='ocrx_word' id='word_1_240' title='bbox 393 2163 507 2215; x_wconf 81' lang='grc' dir='ltr'><strong><em>ἔδει</em></strong></span> <span class='ocrx_word' id='word_1_241' title='bbox 548 2162 736 2227; x_wconf 80' lang='grc' dir='ltr'><strong><em>δεῖξαι.</em></strong></span> 
     </span>
    </p>
   </div>
   <div class='ocr_carea' id='block_1_3' title="bbox 126 2324 1912 2679">
    <p class='ocr_par' dir='ltr' id='par_1_3' title="bbox 126 2324 1912 2679">
     <span class='ocr_line' id='line_1_25' title="bbox 1010 2324 1116 2392; baseline 0 -13"><span class='ocrx_word' id='word_1_242' title='bbox 1010 2324 1116 2392; x_wconf 68' lang='grc' dir='ltr'><strong><em>λζ’.</em></strong></span> 
     </span>
     <span class='ocr_line' id='line_1_26' title="bbox 126 2423 1912 2500; baseline 0.004 -22"><span class='ocrx_word' id='word_1_243' title='bbox 126 2436 182 2478; x_wconf 84' lang='grc'><strong><em>25</em></strong></span> <span class='ocrx_word' id='word_1_244' title='bbox 325 2423 473 2481; x_wconf 83' lang='grc' dir='ltr'><strong><em>Ἐὰν</em></strong></span> <span class='ocrx_word' id='word_1_245' title='bbox 520 2425 767 2482; x_wconf 88' lang='grc' dir='ltr'><strong><em>κύκλου</em></strong></span> <span class='ocrx_word' id='word_1_246' title='bbox 814 2431 1036 2500; x_wconf 79' lang='grc' dir='ltr'><strong><em>ληφθῇ</em></strong></span> <span class='ocrx_word' id='word_1_247' title='bbox 1086 2450 1144 2482; x_wconf 90' lang='grc' dir='ltr'><strong><em>τι</em></strong></span> <span class='ocrx_word' id='word_1_248' title='bbox 1197 2439 1471 2499; x_wconf 82' lang='grc' dir='ltr'><strong><em>σημεῖον</em></strong></span> <span class='ocrx_word' id='word_1_249' title='bbox 1527 2428 1734 2500; x_wconf 82' lang='grc' dir='ltr'><strong><em>ἐκτός,</em></strong></span> <span class='ocrx_word' id='word_1_250' title='bbox 1789 2427 1912 2485; x_wconf 83' lang='grc' dir='ltr'><strong><em>ἀπὸ</em></strong></span> 
     </span>
     <span class='ocr_line' id='line_1_27' title="bbox 168 2514 1912 2590; baseline 0.002 -21"><span class='ocrx_word' id='word_1_251' title='bbox 168 2530 171 2534; x_wconf 58' lang='lat'><strong><em>⁴</em></strong></span> <span class='ocrx_word' id='word_1_252' title='bbox 217 2514 288 2570; x_wconf 79' lang='grc' dir='ltr'><strong><em>δὲ</em></strong></span> <span class='ocrx_word' id='word_1_253' title='bbox 333 2517 452 2569; x_wconf 84' lang='grc' dir='ltr'><strong><em>τοῦ</em></strong></span> <span class='ocrx_word' id='word_1_254' title='bbox 501 2520 780 2586; x_wconf 90' lang='grc' dir='ltr'><strong><em>σημείου</em></strong></span> <span class='ocrx_word' id='word_1_255' title='bbox 826 2515 987 2589; x_wconf 83' lang='grc' dir='ltr'><strong><em>πρὸς</em></strong></span> <span class='ocrx_word' id='word_1_256' title='bbox 1025 2514 1140 2572; x_wconf 88' lang='grc' dir='ltr'><strong><em>τὸν</em></strong></span> <span class='ocrx_word' id='word_1_257' title='bbox 1177 2515 1420 2572; x_wconf 89' lang='grc' dir='ltr'><strong><em>κύκλον</em></strong></span> <span class='ocrx_word' id='word_1_258' title='bbox 1458 2521 1912 2590; x_wconf 85' lang='grc' dir='ltr'><strong><em>προσπίπτωσι</em></strong></span> 
     </span>
     <span class='ocr_line' id='line_1_28' title="bbox 218 2599 1912 2679; baseline 0.002 -21"><span class='ocrx_word' id='word_1_259' title='bbox 218 2601 338 2659; x_wconf 81' lang='grc' dir='ltr'><strong><em>δύο</em></strong></span> <span class='ocrx_word' id='word_1_260' title='bbox 392 2599 684 2674; x_wconf 78' lang='grc' dir='ltr'><strong><em>εὐθεῖαι,</em></strong></span> <span class='ocrx_word' id='word_1_261' title='bbox 738 2607 846 2660; x_wconf 82' lang='grc' dir='ltr'><strong><em>καὶ</em></strong></span> <span class='ocrx_word' id='word_1_262' title='bbox 901 2603 935 2676; x_wconf 81' lang='grc' dir='ltr'><em>ἡ</em></span> <span class='ocrx_word' id='word_1_263' title='bbox 983 2605 1101 2676; x_wconf 76' lang='grc' dir='ltr'><strong><em>μὲν</em></strong></span> <span class='ocrx_word' id='word_1_264' title='bbox 1149 2603 1366 2662; x_wconf 79' lang='grc' dir='ltr'><strong><em>αὐτῶν</em></strong></span> <span class='ocrx_word' id='word_1_265' title='bbox 1412 2606 1609 2679; x_wconf 79' lang='grc' dir='ltr'><strong><em>τέμνῃ</em></strong></span> <span class='ocrx_word' id='word_1_266' title='bbox 1648 2603 1765 2662; x_wconf 86' lang='grc' dir='ltr'><strong><em>τὸν</em></strong></span> <span class='ocrx_word' id='word_1_267' title='bbox 1802 2605 1912 2662; x_wconf 88' lang='grc' dir='ltr'><strong><em>κύ-</em></strong></span> 
     </span>
    </p>
   </div>
   <div class='ocr_carea' id='block_1_4' title="bbox 218 2712 575 2721">
    <p class='ocr_par' dir='ltr' id='par_1_4' title="bbox 218 2712 575 2721">
     <span class='ocr_line' id='line_1_29' title="bbox 218 2712 575 2721; baseline 0 353"><span class='ocrx_word' id='word_1_268' title='bbox 218 2712 575 2721; x_wconf 95' lang='lat' dir='ltr'><strong><em> </em></strong></span> 
     </span>
    </p>
   </div>
   <div class='ocr_carea' id='block_1_5' title="bbox 212 2765 1912 2945">
    <p class='ocr_par' dir='ltr' id='par_1_5' title="bbox 212 2765 1912 2945">
     <span class='ocr_line' id='line_1_30' title="bbox 336 2765 1912 2837; baseline 0.002 -28"><span class='ocrx_word' id='word_1_269' title='bbox 336 2771 376 2811; x_wconf 91' lang='grc'><strong><em>1.</em></strong></span> <span class='ocrx_word' id='word_1_270' title='bbox 412 2766 625 2837; x_wconf 85' lang='grc' dir='ltr'><strong><em>σημεῖον]</em></strong></span> <span class='ocrx_word' id='word_1_271' title='bbox 659 2781 746 2811; x_wconf 91' lang='lat' dir='ltr'><strong><em>om.</em></strong></span> <span class='ocrx_word' id='word_1_272' title='bbox 780 2767 873 2825; x_wconf 86' lang='lat' dir='ltr'><strong><em>Bp.</em></strong></span> <span class='ocrx_word' id='word_1_273' title='bbox 1012 2772 1050 2813; x_wconf 97' lang='grc'><strong><em>2.</em></strong></span> <span class='ocrx_word' id='word_1_274' title='bbox 1084 2768 1199 2826; x_wconf 90' lang='grc' dir='ltr'><strong><em>ΖΓ]</em></strong></span> <span class='ocrx_word' id='word_1_275' title='bbox 1234 2770 1319 2811; x_wconf 91' lang='grc' dir='ltr'><strong><em>ΓΖ</em></strong></span> <span class='ocrx_word' id='word_1_276' title='bbox 1348 2768 1398 2813; x_wconf 93' lang='grc' dir='ltr'><strong><em>Ρ.</em></strong></span> <span class='ocrx_word' id='word_1_277' title='bbox 1530 2774 1571 2813; x_wconf 83' lang='grc'><strong><em>4.</em></strong></span> <span class='ocrx_word' id='word_1_278' title='bbox 1605 2765 1680 2827; x_wconf 88' lang='grc' dir='ltr'><strong><em>τό]</em></strong></span> <span class='ocrx_word' id='word_1_279' title='bbox 1716 2782 1830 2814; x_wconf 84' lang='lat' dir='ltr'>corr.</span> <span class='ocrx_word' id='word_1_280' title='bbox 1862 2767 1912 2812; x_wconf 86' lang='lat' dir='ltr'><strong><em>in</em></strong></span> 
     </span>
     <span class='ocr_line' id='line_1_31' title="bbox 214 2823 1912 2885; baseline 0.001 -16"><span class='ocrx_word' id='word_1_281' title='bbox 214 2823 273 2869; x_wconf 77' lang='grc' dir='ltr'><strong><em>τά</em></strong></span> <span class='ocrx_word' id='word_1_282' title='bbox 307 2840 366 2870; x_wconf 88' lang='lat' dir='ltr'><strong><em>m.</em></strong></span> <span class='ocrx_word' id='word_1_283' title='bbox 396 2830 420 2868; x_wconf 89' lang='lat'>1</span> <span class='ocrx_word' id='word_1_284' title='bbox 452 2826 504 2881; x_wconf 92' lang='lat' dir='ltr'><strong><em>B,</em></strong></span> <span class='ocrx_word' id='word_1_285' title='bbox 563 2841 670 2882; x_wconf 80' lang='lat' dir='ltr'><strong><em>oep.</em></strong></span> <span class='ocrx_word' id='word_1_286' title='bbox 778 2827 891 2885; x_wconf 86' lang='grc' dir='ltr'><strong><em>ΑΔ]</em></strong></span> <span class='ocrx_word' id='word_1_287' title='bbox 923 2826 973 2871; x_wconf 88' lang='lat' dir='ltr'><strong><em>in</em></strong></span> <span class='ocrx_word' id='word_1_288' title='bbox 1003 2841 1092 2871; x_wconf 79' lang='lat' dir='ltr'><strong>ras.</strong></span> <span class='ocrx_word' id='word_1_289' title='bbox 1124 2842 1185 2872; x_wconf 89' lang='lat' dir='ltr'><strong><em>m.</em></strong></span> <span class='ocrx_word' id='word_1_290' title='bbox 1212 2831 1239 2870; x_wconf 93' lang='grc'><strong>2</strong></span> <span class='ocrx_word' id='word_1_291' title='bbox 1270 2825 1326 2871; x_wconf 87' lang='lat' dir='ltr'><strong><em>V.</em></strong></span> <span class='ocrx_word' id='word_1_292' title='bbox 1422 2831 1461 2872; x_wconf 88' lang='grc'><strong><em>5.</em></strong></span> <span class='ocrx_word' id='word_1_293' title='bbox 1494 2827 1606 2885; x_wconf 83' lang='grc' dir='ltr'><strong><em>τῶν]</em></strong></span> <span class='ocrx_word' id='word_1_294' title='bbox 1641 2826 1805 2884; x_wconf 80' lang='lat' dir='ltr'>(prius)</span> <span class='ocrx_word' id='word_1_295' title='bbox 1829 2827 1912 2882; x_wconf 85' lang='grc' dir='ltr'><strong><em>τῆς</em></strong></span> 
     </span>
     <span class='ocr_line' id='line_1_32' title="bbox 212 2881 1908 2945; baseline 0.001 -17"><span class='ocrx_word' id='word_1_296' title='bbox 212 2883 262 2928; x_wconf 89' lang='lat' dir='ltr'><strong><em>F.</em></strong></span> <span class='ocrx_word' id='word_1_297' title='bbox 357 2883 481 2941; x_wconf 82' lang='grc' dir='ltr'><strong><em>ἴσον]</em></strong></span> <span class='ocrx_word' id='word_1_298' title='bbox 514 2885 573 2938; x_wconf 86' lang='grc' dir='ltr'><strong><em>Ρ;</em></strong></span> <span class='ocrx_word' id='word_1_299' title='bbox 608 2886 685 2928; x_wconf 85' lang='grc' dir='ltr'><strong><em>ισα</em></strong></span> <span class='ocrx_word' id='word_1_300' title='bbox 717 2885 910 2942; x_wconf 86' lang='lat' dir='ltr'><strong>BFVp.</strong></span> <span class='ocrx_word' id='word_1_301' title='bbox 1023 2883 1147 2930; x_wconf 80' lang='grc' dir='ltr'><strong><em>ἐστίν</em></strong></span> <span class='ocrx_word' id='word_1_302' title='bbox 1180 2884 1228 2931; x_wconf 78' lang='lat' dir='ltr'><strong><em>F,</em></strong></span> <span class='ocrx_word' id='word_1_303' title='bbox 1330 2881 1424 2931; x_wconf 88' lang='grc' dir='ltr'><strong><em>απὸ</em></strong></span> <span class='ocrx_word' id='word_1_304' title='bbox 1459 2886 1572 2945; x_wconf 83' lang='grc' dir='ltr'><strong><em>τῶν]</em></strong></span> <span class='ocrx_word' id='word_1_305' title='bbox 1603 2885 1764 2931; x_wconf 72' lang='lat' dir='ltr'><strong>insert.</strong></span> <span class='ocrx_word' id='word_1_306' title='bbox 1797 2901 1858 2930; x_wconf 93' lang='lat' dir='ltr'><strong><em>m.</em></strong></span> <span class='ocrx_word' id='word_1_307' title='bbox 1887 2891 1908 2929; x_wconf 88' lang='lat'>1</span> 
     </span>
    </p>
   </div>
  </div>
 </body>
</html>
