1956 3074
91 1152 147 1191 10

94 1595 147 1636 15

96 2483 151 2523 25

176 133 252 186 40
810 133 1147 176 ΣΤοΙΧΕΙΩΝ
1179 127 1246 176 α’.

286 248 418 305 Ἐὰν
461 248 572 322 ἄρα
609 249 750 323 πρός
786 271 898 305 τινι
938 248 1133 323 εὐθείᾳ
1170 250 1264 304 καὶ
1303 253 1381 325 τῷ
1420 248 1559 321 πρὸς
1599 247 1738 322 αὐτῇ
1780 265 1874 318 ση-

179 343 314 414 μείῳ
364 337 468 393 δύο
522 337 739 394 εὐθεῖαι
780 337 854 409 μὴ
896 338 983 394 ἐπὶ
1022 335 1088 392 τὰ
1130 335 1272 393 αὐτὰ
1313 338 1450 410 μέρη
1490 342 1738 408 κείμεναι
1778 336 1874 403 τὰς

179 427 378 498 ἐφεξῆς
407 431 614 497 γωνίας
646 425 811 482 δυσὶν
845 423 1049 497 ὀρθαῖς
1081 433 1203 491 ἴσας
1234 429 1490 495 ποιῶσιν,
1533 423 1614 481 ἐπ’
1652 425 1876 491 εὐθείας

180 518 403 571 ἔσονται
444 512 709 586 ἀλλήλαις
749 516 810 568 αἱ
847 511 1089 569 εὐθεῖαι·
1130 511 1266 582 ὅπερ
1308 517 1420 568 ἔδει
1462 515 1651 579 δεῖξαι.

986 697 1041 731 ιε
1067 719 1078 731 .

287 777 434 836 Ἐὰν
497 778 617 835 δύο
682 777 949 834 εὐθεῖαι
1004 780 1333 851 τέμνωσιν
1390 776 1703 851 ἀλλήλας,
1766 801 1878 846 τας

178 866 343 923 κατὰ
374 866 678 939 κορυφὴν
716 871 965 937 γωνίας
1003 874 1149 933 ἴσας
1188 865 1507 938 ἀλλήλαις
1546 872 1877 925 ποιοῦσιν.

293 955 419 1012 Δύο
470 953 578 1028 γὰρ
626 952 846 1011 εὐθεῖαι
894 958 955 1010 αί
998 960 1266 1026 ΑΒ,ΓΔ
1311 957 1660 1028 τεμνέτωσαν
1712 956 1877 1029 ἀλλή-

178 1051 279 1112 λας
323 1044 462 1100 κατὰ
509 1043 572 1101 τὸ
612 1050 666 1099 Ε
713 1055 965 1115 σημεῖον·
1013 1044 1174 1116 λέγω,
1224 1043 1308 1101 ὅτι
1358 1052 1449 1116 ἴση
1499 1047 1649 1102 ἐστὶν
1699 1045 1734 1118 ἡ
1776 1046 1878 1118 μὲν

179 1131 290 1190 ὑπὸ
330 1138 508 1190 ΑΕΓ
546 1138 725 1205 γωνία
770 1136 836 1206 τῇ
888 1131 998 1189 ὑπὸ
1041 1139 1235 1204 ΔΕΒ,
1283 1131 1317 1205 ἡ
1360 1134 1421 1190 δὲ
1460 1132 1570 1191 ὑπὸ
1612 1140 1771 1190 ΓΕΒ
1811 1139 1877 1208 τῇ

179 1219 289 1278 ὑπὸ
330 1228 520 1277 ΑΕΔ.

287 1309 435 1367 Ἐπεὶ
475 1310 582 1382 γὰρ
624 1308 819 1366 εὐθεῖα
858 1308 893 1382 ἡ
935 1318 986 1366 A
999 1317 1050 1366 E
1084 1309 1182 1367 ’ἐπ’
1241 1309 1473 1367 εὐθεῖαν
1514 1312 1614 1383 τὴν
1653 1317 1756 1367 ΓΔ
1789 1314 1880 1383 ἐφ-

180 1400 372 1471 έστηκε
411 1404 618 1471 γωνίας
656 1403 895 1455 ποιοῦσα
934 1398 1031 1464 τὰς
1068 1397 1177 1455 ὑπὸ
1219 1405 1402 1471 ΓΕΑ,
1428 1407 1622 1471 ΑΕΔ,
1673 1403 1734 1455 αἰ
1770 1400 1879 1472 ἄρα

179 1485 288 1545 ὑπὸ
330 1493 515 1559 ΓΕΑ,
538 1495 715 1544 ΑΕΔ
752 1492 953 1559 γωνίαι
993 1488 1160 1544 δυσὶν
1193 1487 1394 1561 ὀρθαῖς
1427 1498 1544 1545 ἶσαι
1578 1494 1735 1545 εἰσίν.
1780 1490 1880 1545 πά-

179 1583 287 1650 λιν,
327 1577 443 1633 ἐπεὶ
483 1576 678 1633 εὐθεῖα
718 1575 752 1648 ἡ
795 1583 912 1631 ΔΕ
940 1574 1021 1633 ἐπ’
1067 1575 1299 1633 εὐθεῖαν
1338 1577 1441 1649 τὴν
1475 1585 1583 1634 ΑΒ
1617 1579 1880 1651 ἐφέστηκε

179 1671 388 1737 γωνίας
434 1670 675 1722 ποιοῦσα
734 1666 831 1732 τὰς
878 1663 987 1722 ὑπὸ
1039 1672 1232 1738 ΑΕΔ,
1264 1673 1451 1735 ΔΕΒ,
1499 1670 1563 1723 αἱ
1611 1663 1722 1740 ἄρα
1768 1667 1878 1724 ὑπὸ

180 1761 374 1825 ΑΕΔ,
399 1761 567 1810 ΔΕΒ
600 1760 801 1826 γωνίαι
834 1755 1001 1811 δυσὶν
1033 1753 1236 1827 ὀρθαῖς
1275 1762 1391 1811 ἴσαι
1427 1759 1583 1812 εἰσίν.
1626 1758 1879 1828 ἐδείχθη-

182 1859 287 1899 σαν
335 1842 397 1899 δὲ
443 1843 535 1898 καὶ
583 1847 645 1898 αἱ
687 1841 796 1900 ὑπὸ
845 1849 1168 1914 ΓΕΑ,ΑΕ
1181 1850 1237 1898 Δ
1283 1843 1449 1899 δυσὶν
1498 1843 1701 1917 ὀρθαῖς
1742 1851 1880 1900 ἴσαι·

181 1933 244 1987 αἱ
280 1930 389 2004 ἄρα
435 1929 545 1988 ὑπὸ
585 1937 768 2002 ΓΕΑ,
809 1938 984 1987 ΑΕΔ
1022 1943 1142 1997 ταῖς
1180 1930 1288 1988 ὑπὸ
1331 1939 1524 2004 ΑΕΔ,
1553 1940 1721 1989 ΔΕΒ
1763 1941 1880 1990 ἴσαι

92 2041 116 2079 2
183 2023 341 2076 εἰσίν.
373 2018 534 2092 κοινὴ
575 2019 894 2094 ἀφῃρήσθω
926 2020 960 2093 ἡ
991 2018 1100 2076 ὑπὸ
1135 2027 1332 2076 ΑΕΔ·
1373 2021 1538 2094 λοιπὴ
1573 2022 1683 2096 ἄρα
1708 2020 1741 2094 ἡ
1768 2020 1878 2078 ὑπὸ

181 2113 348 2165 ΓΕΑ
385 2112 550 2183 λοιπῇ
590 2112 655 2182 τῇ
696 2106 805 2165 ὑπὸ
824 2115 995 2164 ΒΕΔ
1028 2116 1119 2180 ἴση
1161 2109 1334 2164 ἐστίν·
1382 2107 1587 2182 ὁμοίως
1627 2108 1696 2181 δὴ
1738 2114 1879 2183 δειχ-

180 2196 435 2269 θήσεται,
476 2195 562 2254 ὄτι
600 2197 693 2253 καὶ
734 2199 795 2252 αἰ
829 2195 939 2253 ὑπὸ
981 2202 1164 2267 ΓΕΒ,
1206 2203 1385 2252 ΔΕΑ
1424 2203 1540 2252 ἴσαι
1579 2200 1738 2254 εἰσίν.

290 2283 421 2342 Ἐὰν
459 2285 571 2358 ἄρα
611 2285 715 2342 δύο
748 2283 967 2342 εὐθεῖαι
1006 2286 1282 2358 τέμνωσιν
1315 2284 1574 2357 ἀλλήλας,
1614 2284 1711 2351 τὰς
1741 2285 1880 2342 κατὰ

182 2374 440 2447 κορυφὴν
487 2379 694 2447 γωνίας
742 2383 863 2441 ἴσας
914 2373 1179 2447 ἀλλήλαις
1236 2378 1520 2431 ποιοῦσιν·
1577 2373 1711 2446 ὅπερ
1766 2379 1880 2432 ἔδει

185 2466 376 2531 δεῖξαι.

303 2633 344 2671 4.
379 2625 457 2685 αἰ]
492 2641 581 2672 om.
617 2627 670 2671 V.
795 2632 834 2671 7.
866 2626 1105 2685 ποιοῦσιν]
1141 2626 1330 2671 ποιοῦσι
1360 2626 1570 2682 Proclus,
1605 2622 1879 2682 ποιήσουσιν

185 2686 281 2743 (uel
304 2688 388 2742 -σι)
415 2685 571 2742 codd.;
603 2685 685 2733 cfr.
717 2685 799 2730 lin.
825 2690 897 2731 24.
993 2691 1061 2732 12.
1095 2682 1357 2743 ἐφέστηκεν
1381 2684 1478 2729 BF.
1573 2690 1642 2731 13.
1670 2687 1803 2729 ΓΕΑ
1822 2711 1876 2718 -

188 2750 256 2791 18.
290 2741 482 2802 ὀρθαῖς]
514 2745 564 2789 in
594 2759 684 2792 ras.
717 2746 773 2790 V.
873 2749 941 2789 14.
976 2744 1116 2804 εἰσίν]
1149 2743 1299 2800 PBF;
1331 2758 1433 2789 eom
1473 2781 1481 2789 .
1514 2744 1566 2799 b;
1600 2743 1696 2789 εἰσί
1718 2745 1877 2801 uulgo.

188 2807 257 2849 15.
291 2800 392 2863 ἐπ’]
429 2802 510 2849 ἐπί
537 2805 629 2850 Pb.
724 2801 984 2861 ἐφέστηκεν
1015 2803 1160 2848 PBF.
1286 2809 1355 2850 16.
1388 2821 1417 2847 α
1469 2799 1565 2858 ἄρα
1595 2799 1691 2848 ὑπὸ
1722 2806 1879 2860 ΑΕΔ,

185 2864 348 2921 ΔΕΒ]
380 2879 474 2922 mg.
505 2878 566 2908 m.
586 2869 609 2908 1
642 2879 687 2921 p.
813 2868 881 2908 19.
915 2860 1029 2922 ἄρα]
1064 2877 1154 2908 om.
1179 2863 1228 2906 F.
1350 2862 1471 2935 ταῖς]
1507 2859 1602 2919 ἄρα
1633 2868 1735 2914 ταῖς
1767 2861 1816 2906 F.

186 2927 255 2968 20.
291 2922 428 2980 εἰσίν]
462 2922 562 2979 PF3
609 2937 757 2981 comp.
791 2924 843 2980 b;
889 2921 983 2967 εἰσί
1008 2922 1166 2980 uulgo.
1305 2918 1595 2979 ἄφηρηισθω
1627 2922 1682 2968 V.
1805 2926 1876 2966 21.
