1956 3074
527 100 989 143 amurcam
1018 101 1202 143 mmm
1234 101 1311 144 1v.
1675 98 1785 154 299

88 239 279 275 uerum
318 220 718 291 supposuimu8‚
757 237 876 273 esse
908 223 1023 272 BA
1048 245 1118 263 =
1145 222 1260 274 ΓΑ.
1318 219 1502 290 iizaque
1535 220 1702 274 etiam

752 310 807 361 Γ
800 313 853 361 Α
877 333 948 352 =
973 310 1079 361 ΓΔ
1096 329 1108 377 ;

90 416 256 470 quare
296 399 461 451 etiam
501 402 537 460 L
562 400 729 450 ΓΔΑ
753 423 824 441 =
850 399 1031 450 ΔΑΓ
1064 397 1127 467 [I‚
1166 396 1241 463 5].
1312 397 1496 467 itaque

520 488 687 539 ΓΔΑ
714 488 781 554 -l-
809 489 1077 540 ΔΑΓ--
1102 487 1137 540 2
1163 488 1348 540 ΔΑΓ.

90 576 184 630 sed
223 578 386 629 BPA
411 601 481 618 =
506 577 674 628 ΓΔΑ
702 578 769 643 ·†·
798 579 854 628 Δ
862 578 984 630 ΑΓ.
1045 576 1230 653 itaque
1269 575 1435 629 etiam

676 667 841 718 ΒΓΔ
866 690 936 708 =
961 665 997 718 2
1021 667 1204 718 ΓΑΔ.

89 753 183 807 sed
237 755 399 807 ΒΓΔ
424 779 494 797 =
526 757 702 807 BAA
735 780 805 798 =
838 758 1027 807 ΔΒΑ.
1127 770 1259 823 ergo
1315 756 1544 823 uiserque
1598 756 1791 823 BAA,

90 846 265 896 ΔΒΑ
304 842 468 912 duplo
507 842 681 896 maior
719 845 803 897 est
842 843 1044 913 angulo
1085 846 1274 896 AAB.

200 932 351 1002 Ergo
389 932 695 1003 triangulus
729 932 1098 1001 aequicrurius
1131 934 1473 986 construcizus
1498 933 1582 985 est
1612 933 1788 984 ΑΒΔ

89 1024 378 1090 utrumque
415 1021 676 1090 angulum
717 1021 784 1073 ad
831 1024 944 1074 AB
983 1021 1159 1074 basim
1183 1021 1438 1091 *posilzum
1479 1019 1644 1090 duplo
1678 1038 1791 1073 ma-

11 1183 13 1185 *
90 1109 261 1163 iorem
300 1109 511 1163 habens
549 1110 783 1179 reliqu03
823 1110 968 1179 quod
1008 1110 1298 1179 oportebab
1336 1109 1468 1163 fieri.

896 1272 991 1326 XI.

201 1375 269 1429 In
323 1376 507 1429 darum
561 1375 819 1429 circulum
875 1376 1346 1447 quinquangulum
1399 1376 1791 1446 aequilaterum

97 1469 153 1520 et
190 1465 613 1535 aequiangulum
652 1464 961 1518 inscribere.

204 1553 289 1608 Sit
329 1555 486 1607 datus
525 1554 758 1607 circulus
799 1559 853 1606 A
861 1558 907 1606 Β
919 1556 1022 1607 ΓΔ
1030 1558 1093 1608 Ε.
1134 1558 1352 1624 oporiet
1389 1554 1558 1626 igitur
1596 1555 1654 1608 in
1692 1554 1792 1608 cir-

90 1644 271 1697 culum
317 1645 604 1697 ΑΒΓΔΕ
655 1642 1124 1714 quinquangulum
1170 1644 1561 1715 aequilaterum
1610 1643 1682 1696 eb
1706 1661 1793 1696 ae-

90 1733 447 1803 quiangulum
486 1732 798 1785 inscribere.

263 1837 323 1880 A
585 1853 628 1900 2
790 1826 1137 1876 construatur
1166 1823 1473 1893 triangulus
1513 1820 1792 1891 aequicru-

716 1913 845 1966 rius'
871 1915 1040 1967 ΖΗΘ
1085 1914 1374 1982 uirumque
1421 1911 1683 1982 angulum
1723 1909 1793 1963 ad

108 1891 527 2183 'QZ
717 2005 788 2073 H,
829 2007 877 2056 Θ
915 2002 1156 2073 positum
1197 2001 1362 2070 duplo
1403 2001 1668 2100 maiorem
1698 1999 1796 2053 ha-

207 2039 529 2213 “ff
716 2093 853 2146 bens
910 2091 1110 2162 angulo
1166 2090 1233 2143 ad
1290 2093 1334 2142 Z
1389 2092 1571 2159 poslto
1621 2091 1796 2158 [prop.

659 2173 817 2252 0X]‚
863 2184 918 2234 et
967 2182 1024 2235 in
1063 2180 1324 2236 circulum
1371 2179 1658 2231 ΑΒΓΔΕ
1699 2176 1796 2230 tri-

92 2274 293 2343 angulo
367 2276 412 2325 Z
430 2275 497 2325 Η
504 2275 552 2325 Θ
623 2271 1016 2342 aequiangulus
1086 2269 1417 2324 inscribaizur
1485 2266 1794 2337 triangulus

93 2364 273 2431 ΑΓΔ,
311 2362 392 2416 iiza
429 2364 492 2415 ut
530 2361 603 2414 sit
635 2366 670 2423 L
696 2362 862 2414 ΓΑΔ
893 2360 1094 2429 angulo
1136 2359 1202 2412 ad
1237 2362 1282 2411 Z
1315 2357 1496 2427 posiiso
1536 2354 1797 2425 aequalia,

94 2455 324 2520 uterque
379 2453 561 2504 autem
608 2451 798 2519 ΑΓΔ,
851 2452 1024 2502 ΓΔΑ
1070 2448 1286 2518 utrique
1342 2446 1667 2516 angulorum
1728 2442 1796 2496 ad

93 2595 246 2654 Βρφς
279 2594 321 2639 V
351 2609 413 2640 m.
439 2600 488 2650 2;
520 2598 656 2640 ΑΔΒ
690 2594 742 2641 Ρ.
881 2600 950 2640 10.
982 2597 1071 2638 ΒΔ
1102 2609 1146 2651 p.
1206 2634 1212 2641 ,
1289 2597 1358 2638 15.
1392 2589 1506 2637 ἔστω
1533 2617 1589 2624 -
1617 2595 1686 2635 17.
1723 2585 1796 2645 ἔγ-

90 2652 294 2712 γρᾶψαι]
344 2669 433 2699 om.
475 2655 525 2702 P.
682 2659 750 2701 19.
801 2650 1053 2712 ἑκατέραν]
1090 2667 1163 2698 om
1212 2651 1261 2696 F.
1413 2649 1532 2708 πρὸς
1587 2653 1684 2700 τοῖς
1733 2650 1794 2705 Η,

97 2716 139 2759 Θ
168 2714 372 2772 γωνιῶν]
408 2715 585 2759 λοιπῶν
617 2714 668 2759 Ρ.
822 2718 894 2758 20.
934 2712 1020 2772 τῷ]
1053 2711 1218 2770 (prius)
1249 2708 1305 2756 τό
1337 2712 1388 2768 Β,
1434 2711 1470 2755 F
1502 2724 1561 2754 m.
1592 2714 1614 2753 1
1658 2710 1793 2766 (corr.

93 2788 154 2818 m.
181 2775 240 2830 2).
326 2778 397 2819 22.
429 2774 515 2835 τῷ]
550 2771 603 2820 τό
636 2774 687 2819 Β.
811 2778 881 2817 23.
918 2768 1172 2844 ἕκᾳτέραν]
1207 2766 1410 2825 ἑκατέρα
1443 2771 1491 2827 (α
1522 2769 1573 2813 in
1604 2769 1714 2825 ras.)
1747 2781 1794 2869 Ψ

1696 2843 1723 2871 ν

11 2879 13 2881 .
95 2830 299 2894 ἑκατέρᾳ
329 2832 379 2878 Ρ.
501 2833 617 2892 τῶν]
650 2833 700 2878 in
730 2847 818 2878 rae.
850 2846 902 2888 p;
935 2848 1022 2901 ἷην
1053 2830 1105 2878 Β.
1230 2826 1454 2891 ἑκατέρᾳ]
1491 2825 1693 2886 ἑκατέρα

0 2919 10 2956 3
94 2892 145 2937 et
174 2906 199 2937 e
231 2905 347 2937 corr.
369 2907 415 2951 p.
536 2892 653 2951 τῶν]
690 2909 742 2950 φ,
774 2888 870 2948 ἄρα
901 2907 995 2935 των
1027 2890 1075 2936 F.
