1956 3074
223 108 294 160 32
856 108 1192 152 ΣΤΟΙΧΕΙΩΝ
1223 103 1289 154 α’.

1019 279 1076 311 ια
1103 301 1114 312 .

343 363 429 435 Τῇ
478 365 757 434 δοθείσῃ
807 359 1039 434 εὐθείᾳ
1089 358 1213 416 ἀπὸ
1253 364 1370 416 τοῦ
1409 357 1568 433 πρὸς
1607 359 1767 433 αὐτῇ
1810 363 1917 415 δο-

227 451 466 515 θέντος
529 454 809 522 σημείου
870 448 1024 521 πρὸς
1086 446 1294 521 ὀρθὰς
1344 453 1586 519 γωνίας
1640 447 1917 504 εὐθεῖαν

226 537 533 611 γραμμὴν
573 537 863 609 ἀγαγεῖν.

169 650 195 690 5
318 625 579 696 ’Ἑστωὴ
628 625 730 697 μὲν
780 630 1015 681 δοθεῖσα
1062 623 1258 681 εὐθεῖα
1304 623 1337 695 ἡ
1387 632 1494 680 ΑΒ
1538 625 1600 680 τὸ
1643 626 1705 681 δὲ
1745 625 1920 681 δοθὲν

229 727 461 787 σημεῖον
513 713 596 770 ἐπ’
643 712 813 784 αὐτῆς
850 712 913 769 τὸ
955 718 1021 769 Γ·
1078 717 1166 768 δεῖ
1202 714 1271 784 δὴ
1315 712 1422 769 ἀπὸ
1464 717 1566 769 τοῦ
1605 719 1657 769 Γ
1690 719 1922 785 σημείου

227 807 293 876 τῇ
335 809 443 858 AB
491 801 689 876 εὐθείᾳ
735 801 875 875 πρὸς
922 800 1099 874 ὀρθὰς
1146 807 1354 873 γωνίας
1392 799 1623 858 εὐθεῖαν
1662 802 1923 876 γραμμὴν

229 891 474 963 ἀγαγεῖν.

343 979 623 1052 Εἰλήφθω
672 983 760 1036 ἐπὶ
805 984 902 1052 τῆς
948 986 1060 1036 ΑΓ
1099 979 1269 1053 τυχὸν
1318 991 1548 1052 σημεῖον
1593 979 1655 1036 τὸ
1700 987 1779 1049 Δ,
1832 981 1924 1035 καὶ

145 1093 200 1132 10
230 1074 440 1125 κείσθω
479 1073 545 1142 τῇ
586 1074 690 1124 ΓΔ
723 1076 813 1140 ἴση
854 1067 1037 1141 ἡΓΕ,
1075 1069 1167 1124 καὶ
1207 1068 1523 1125 συνεστάτω
1564 1069 1652 1125 ἐπὶ
1691 1073 1788 1140 τῆς
1813 1075 1867 1123 Δ
1878 1075 1930 1124 Ε

231 1163 511 1230 τρίγωνον
551 1157 888 1228 ἰσόπλευρον
927 1155 989 1214 τὸ
1023 1163 1213 1229 ΖΔΕ,
1253 1158 1345 1213 καὶ
1387 1158 1695 1230 ἐπεζεύχθω
1736 1156 1769 1229 ἡ
1806 1163 1925 1213 ΖΓ·

232 1249 394 1318 λέγω,
451 1245 535 1302 ὅτι
573 1250 639 1321 τῇ
682 1251 916 1320 δοθείσῃ
973 1245 1170 1321 εὐθείᾳ
1224 1251 1288 1320 τῇ
1338 1253 1446 1302 ΑΒ
1487 1245 1596 1303 ἀπὸ
1643 1251 1743 1304 τοῦ
1790 1247 1929 1320 πρὸς

235 1334 373 1408 αὐτῇ
416 1335 687 1401 δοθέντος
726 1340 958 1406 σημείου
997 1338 1099 1392 τοῦ
1138 1341 1191 1391 Γ
1222 1334 1362 1408 πρὸς
1394 1334 1575 1408 ὀρθὰς
1603 1341 1809 1406 γωνίας
1842 1333 1929 1391 εὐ-

234 1432 366 1480 θεῖα
404 1422 631 1496 γραμμὴ
674 1416 833 1495 ἦκται
872 1420 906 1495 ἡ
951 1429 1064 1479 ΖΓ.

149 1534 201 1574 15
342 1511 491 1568 Ἐπεὶ
530 1512 638 1585 γὰρ
680 1519 770 1583 ἴση
806 1512 956 1569 ἐστὶν
987 1510 1022 1583 ἡ
1049 1518 1165 1567 ΔΓ
1189 1517 1254 1585 τῇ
1290 1517 1409 1581 ΓΕ,
1449 1512 1610 1584 κοινὴ
1653 1512 1714 1568 δὲ
1750 1511 1931 1584 ἡΓΖ,

236 1601 342 1658 δύο
385 1600 454 1673 δὴ
488 1604 550 1656 αἱ
580 1605 706 1672 ΔΓ,
733 1606 834 1655 ΓΖ
875 1601 1005 1656 δυσὶ
1045 1612 1161 1667 ταῖς
1192 1605 1312 1671 ΕΓ,
1346 1606 1445 1656 ΓΖ
1478 1607 1593 1656 ἴσαι
1634 1601 1776 1656 εἰσὶν
1809 1601 1931 1656 ἑκα-

234 1692 366 1763 τέρα
399 1690 650 1763 ἑκατέρᾳ·
690 1690 782 1745 καὶ
807 1689 970 1760 βάσις
996 1687 1030 1761 ἡ
1058 1697 1112 1744 Δ
1123 1696 1167 1744 Ζ
1192 1687 1353 1760 βάσει
1391 1693 1457 1762 τῇ
1492 1695 1598 1744 ΖΕ
1627 1697 1717 1760 ἴση
1760 1691 1930 1745 ἐστίν·

236 1783 415 1850 γωνία
455 1776 563 1851 ἄρα
595 1775 628 1849 ἡ
663 1775 772 1834 ὑπὸ
799 1784 854 1832 Δ
866 1783 968 1834 ΓΖ
1007 1783 1186 1852 γωνίᾳ
1216 1781 1281 1851 τῇ
1313 1775 1423 1834 ὑπὸ
1456 1783 1614 1833 ΕΓΖ
1642 1785 1732 1848 ἴση
1761 1780 1931 1834 ἐστίν·

237 1874 335 1924 καί
370 1872 513 1924 εἰσιν
554 1868 763 1938 ἐφεξῆς.
840 1865 975 1923 ὅταν
1032 1867 1094 1922 δὲ
1147 1864 1345 1923 εὐθεῖα
1399 1865 1482 1923 ἐπ’
1526 1865 1759 1923 εὐθεῖαν
1806 1884 1931 1923 στα-

149 1964 218 2022 2ο
237 1965 406 2013 θεῖσα
451 1954 548 2021 τὰς
597 1957 795 2026 ἐφεξῆς
842 1960 1050 2026 γωνίας
1097 1962 1220 2021 ἴσας
1265 1954 1531 2026 ἀλλήλαις
1569 1960 1726 2029 ποιῇ,
1783 1955 1931 2029 ὀρθὴ

240 2046 467 2118 ἑκατέρα
502 2047 615 2100 τῶν
657 2050 797 2099 ἴσων
834 2047 1059 2114 γωνιῶν
1100 2046 1270 2099 ἐστιν·
1311 2042 1459 2116 ὀρθὴ
1491 2043 1601 2117 ἄρα
1633 2045 1782 2100 ἐστὶν
1816 2045 1932 2100 ἑκα-

239 2135 371 2206 τέρα
409 2137 523 2190 τῶν
562 2131 672 2189 ὑπὸ
715 2137 832 2188 ΛΓ
838 2139 908 2203 Ζ,
951 2138 1121 2188 ΖΓΕ.

359 2226 437 2295 Τῇ
479 2221 589 2294 ἄρα
629 2225 864 2294 δοθείσῃ
907 2219 1103 2295 εὐθείᾳ
1133 2224 1199 2294 τῆ
1226 2229 1278 2276 Α
1287 2227 1333 2276 Β
1358 2219 1466 2276 ἀπὸ
1497 2224 1598 2276 τοῦ
1629 2218 1768 2293 πρὸς
1793 2219 1932 2294 αὐτῇ

242 2312 512 2376 δοθέντος
559 2315 795 2381 σημείου
840 2313 942 2366 τοῦ
993 2315 1045 2365 Γ
1083 2308 1222 2382 πρὸς
1269 2307 1449 2382 ὀρθὰς
1494 2313 1700 2380 γωνίας
1739 2307 1934 2365 εὐθεῖα

153 2427 209 2466 25
242 2397 465 2471 γραμμὴ
507 2392 667 2469 ἦκται
707 2420 741 2469 η
783 2403 906 2453 ΓΖ·
949 2395 1083 2469 όπερ
1125 2402 1239 2453 ἔδει
1276 2400 1520 2469 ποιῆσαι.

365 2551 434 2591 10.
470 2547 573 2605 ΓΔ]
608 2550 650 2590 Δ
680 2546 731 2590 in
761 2560 850 2590 ras.
885 2547 957 2590 est
987 2545 1036 2589 in
1066 2547 1119 2600 b;
1154 2548 1251 2590 ΔΓ
1278 2545 1326 2589 in
1356 2560 1446 2590 ras.
1479 2546 1534 2590 V.
1683 2551 1749 2591 13.
1784 2541 1934 2602 αὐτήν

242 2606 276 2649 F
311 2607 358 2650 et
388 2606 426 2649 B
459 2621 518 2650 m.
547 2611 569 2649 1
604 2609 736 2662 (corr.
770 2621 830 2651 m.
856 2607 916 2661 2).
1039 2604 1291 2664 δοθέντος]
1325 2604 1418 2650 -έν-
1450 2604 1501 2649 'm
1531 2619 1619 2649 ras,
1653 2607 1722 2649 est
1751 2604 1800 2648 in
1821 2605 1874 2648 V.

245 2670 314 2709 14.
348 2661 560 2723 γραμμή]
596 2678 651 2708 ex
682 2664 890 2722 γραμμῆι
918 2664 972 2708 V.
1129 2664 1239 2722 ΖΓ]
1277 2667 1361 2708 ΓΖ
1392 2680 1423 2722 p
1456 2665 1505 2710 et
1534 2665 1570 2708 P
1603 2677 1716 2708 corr.
1749 2678 1804 2708 ex
1839 2666 1936 2709 ΖΓ.

307 2729 374 2768 15.
411 2721 594 2768 ἐπεί-
624 2725 730 2782 ΓΖ]
762 2738 857 2780 mg.
892 2738 953 2767 m.
975 2728 1001 2766 2
1034 2724 1083 2768 P.
1207 2724 1326 2781 ΔΓ]
1361 2722 1410 2767 in
1440 2737 1527 2768 ras
1555 2722 1604 2768 P.
1728 2728 1796 2767 16.
1831 2725 1937 2779 ΔΓ,

249 2783 352 2840 ΓΖ]
388 2788 430 2826 Δ
462 2785 510 2828 et
543 2786 576 2826 Z
608 2797 723 2828 eras.
756 2784 818 2835 F;
854 2785 951 2837 ΖΓ,
987 2785 1070 2826 ΓΔ
1100 2781 1151 2828 Β.
1277 2788 1345 2827 17.
1382 2779 1528 2841 ἐστίν]
1561 2782 1619 2835 Ρ;
1654 2778 1755 2826 ἔστί
1782 2782 1936 2853 uulgo.

245 2842 504 2886 utlin.18.
690 2847 758 2887 19.
793 2838 900 2898 ἑξῆς
931 2817 993 2896 V3
1026 2856 1141 2888 corr.
1175 2857 1234 2886 m.
1260 2847 1300 2888 2.
1454 2847 1524 2887 23.
1557 2841 1631 2899 τῇ]
1664 2837 1842 2897 (alt-,051
1875 2841 1936 2893 V;

251 2914 366 2944 corr.
400 2916 459 2944 m.
487 2906 527 2946 2.
651 2901 754 2959 ΑΒ]
788 2901 838 2946 in
868 2915 956 2946 ras.
992 2901 1039 2947 Ρ.
