1956 3074
89 150 94 154 ·
180 143 250 195 33
811 137 1148 182 ΣΤοΙΧΕΙΩΝ
1180 133 1248 181 α’.

178 259 302 331 ἤτοι
350 259 455 315 δύο
505 256 685 331 ὀρθὰς
729 253 764 328 ἢ
806 257 972 313 δυσὶν
1022 253 1224 329 ὀρθαῖς
1270 260 1393 320 ἴσας
1429 254 1667 326 ποιήσει·
1738 251 1872 324 ὅπερ

180 352 293 405 ἔδει
333 348 521 414 δεῖξαι.

988 463 1087 520 ιδ’.

287 568 434 625 Ἐὰν
473 568 637 643 πρός
673 589 806 624 τινι
847 566 1081 642 εὐθείᾳ
1117 569 1344 646 καὶτῷ
1377 569 1539 642 πρὸς
1569 568 1731 643 αὐτῇ
1767 584 1875 640 ση-

121 662 336 733 5μείω
394 659 514 714 δύο
571 654 835 714 εὐθεῖαι
889 655 971 729 μὴ
1028 657 1131 712 ἐπὶ
1184 656 1259 713 τὰ
1317 657 1481 714 αὐτὰ
1535 659 1696 731 μέρη
1743 661 1876 713 κεί-

179 768 371 816 μεναι
425 743 537 812 τὰς
588 746 826 817 ἐφεξῆς
875 750 1122 817 γωνίας
1179 746 1374 802 δυσὶν
1430 744 1671 820 ὀρθαῖς
1728 753 1877 811 ἴσας

178 837 488 906 ποιῶσιν,
537 831 628 890 ἐπ’
681 832 951 900 εὐθείας
990 838 1265 890 ἔσονται
1305 832 1624 907 ἀλλήλαις
1663 837 1736 890 αἱ
1772 830 1876 890 εὐ-

179 931 386 979 θεῖαι.

289 1011 448 1085 Πρὸς
494 1010 601 1083 γάρ
647 1032 762 1067 τινι
812 1008 1010 1085 εὐθείᾳ
1055 1014 1120 1084 τῇ
1162 1017 1270 1067 ΑΒ
1308 1011 1401 1067 καὶ
1439 1014 1514 1086 τῷ
1555 1009 1693 1083 πρὸς
1733 1008 1873 1082 αὐτῇ

93 1115 147 1156 10
180 1109 386 1176 σημείῳ
426 1103 501 1177 τῷ
542 1105 590 1154 Β
631 1099 736 1156 δύο
777 1097 996 1156 εὐθεῖαι
1036 1102 1099 1155 αἰ
1119 1104 1239 1170 ΒΓ,
1262 1106 1375 1155 ΒΔ
1398 1098 1472 1171 μὴ
1515 1100 1603 1156 ἐπὶ
1640 1097 1707 1154 τὰ
1733 1096 1873 1154 αὐτὰ

160 1191 318 1263 μέρη
357 1194 606 1261 κείμεναι
644 1187 743 1254 τὰς
775 1190 972 1260 ἐφεξῆς
1002 1193 1211 1260 γωνίας
1241 1187 1339 1254 τοὶς
1361 1186 1470 1244 ὑπὸ
1499 1193 1679 1259 ΑΒΓ,
1702 1193 1876 1243 ΑΒΔ

180 1278 287 1335 δύο
338 1277 543 1352 ὀρθαῖς
589 1286 713 1343 ἴσας
763 1281 1126 1333 ποιείτωσαν·
1177 1278 1337 1348 λέγω,
1391 1275 1475 1332 ὅτι
1523 1273 1605 1332 ἐπ’
1650 1274 1877 1341 εὐθείας

180 1367 295 1422 ἐστὶ
334 1370 399 1441 τῇ
440 1373 542 1423 ΓΒ
582 1365 616 1437 ἡ
657 1373 788 1422 ΒΔ.

291 1458 366 1511 Εἰ
408 1454 516 1528 γὰρ
565 1454 639 1526 μή
690 1456 804 1511 ἐστι
842 1458 908 1527 τῇ
947 1460 1059 1511 ΒΓ
1092 1451 1174 1510 ἐπ’
1212 1453 1437 1520 εὐθείας
1476 1451 1510 1524 ἡ
1551 1459 1688 1524 ΒΔ,
1737 1457 1874 1509 ἔστω

96 1558 149 1599 15
181 1547 247 1616 τῇ
279 1549 383 1600 ΓΒ
423 1541 506 1600 ἐπ’
551 1542 777 1609 εὐθείας
816 1541 851 1615 ἡ
891 1550 1011 1599 ΒΕ.

284 1631 433 1688 Ἐπεὶ
488 1625 595 1688 οὖν
650 1630 848 1688 εὐθεῖα
900 1629 935 1702 ἡ
993 1638 1101 1688 ΑΒ
1149 1630 1231 1688 ἐπ’
1284 1630 1518 1688 εὐθεῖαν
1563 1630 1667 1703 τὴν
1715 1636 1879 1687 ΓΒΕ

178 1721 496 1793 ἐφέστηκεν,
548 1722 610 1775 αἱ
645 1719 757 1794 ἄρα
796 1718 906 1784 ὑπὸ
949 1725 1132 1791 ΑΒΓ,
1173 1726 1346 1777 ΑΒΕ
1382 1725 1582 1792 γωνίαι
1635 1718 1741 1775 δύο
1783 1718 1873 1792 ὀρ-

176 1818 310 1876 θαῖς
342 1817 459 1866 ἶσαι
491 1813 658 1867 εἰσίν·
699 1809 809 1866 εἰσὶ
854 1809 918 1866 δὲ
959 1810 1053 1865 καὶ
1098 1809 1160 1865 αἱ
1186 1807 1296 1866 ὑπὸ
1328 1812 1513 1881 ΑΒΓ,
1554 1815 1728 1865 ΑΒΔ
1769 1807 1874 1865 δύο

178 1895 380 1971 ὀρθαῖς
419 1907 556 1955 ἴσαι·
598 1900 661 1954 αἱ
696 1897 805 1971 ἄρα
843 1895 953 1954 ὑπὸ
980 1903 1354 1969 ΓΒΑ,ΑΒΕ
1388 1909 1507 1964 ταῖς
1544 1896 1654 1953 ὑπὸ
1691 1903 1875 1969 ΓΒΑ,

90 2003 147 2042 20
180 1994 355 2043 ΑΒΔ
379 1995 495 2044 ἴσαι
527 1991 685 2044 εἰσίν.
739 1985 902 2058 κοινὴ
934 1984 1253 2060 ἀφῃρήσθω
1285 1984 1319 2059 ἡ
1352 1985 1461 2043 ὑπὸ
1489 1991 1590 2042 ΓΒ
1603 1994 1656 2042 Α
1665 2005 1674 2015 ·
1708 1986 1872 2058 λοιπὴ

177 2073 287 2148 ἄρα
332 2075 366 2149 ἡ
412 2074 524 2134 ὑπὸ
575 2082 746 2132 ΑΒΕ
791 2079 956 2148 λοιπῇ
1007 2079 1073 2149 τῇ
1113 2073 1222 2132 ὑπὸ
1265 2082 1441 2131 ΑΒΔ
1481 2077 1631 2131 ἐστιν
1671 2080 1789 2148 ἴση,
1837 2073 1872 2146 ἡ

178 2164 430 2221 ἐλάσσων
476 2166 542 2238 τῇ
590 2168 817 2236 μείζονι·
876 2162 1011 2236 ὅπερ
1053 2165 1204 2221 ἐστὶν
1243 2163 1543 2221 ἀδύνατον.
1620 2162 1725 2221 οὐκ
1764 2162 1874 2237 ἄρα

178 2251 261 2308 ἐπ’
291 2250 518 2319 εὐθείας
557 2253 708 2309 ἐστὶν
747 2250 782 2323 ἡ
815 2259 925 2308 ΒΕ
959 2255 1024 2326 τῇ
1064 2257 1184 2308 ΓΒ.
1244 2251 1452 2325 ὁμοίως
1490 2250 1560 2325 δὴ
1601 2255 1872 2324 δείξομεν,

178 2338 262 2396 ὅτι
296 2339 430 2397 οὐδὲ
461 2339 601 2412 ἄλλη
633 2362 716 2406 τις
746 2339 891 2412 πλὴν
922 2344 1018 2412 τῆς
1042 2347 1175 2396 ΒΔ·
1210 2339 1293 2396 ἐπ’
1331 2339 1558 2407 εὐθείας
1586 2339 1697 2415 ἄρα
1722 2341 1873 2397 ἐστὶν

89 2427 211 2500 πῆ
253 2434 355 2485 ΓΒ
394 2433 460 2502 τῇ
501 2435 629 2484 ΒΛ.

300 2583 339 2622 1.
374 2573 491 2635 ὅπερ
526 2575 625 2622 ἔδει
656 2578 830 2635 δεῖξαι]
864 2595 943 2621 2„
974 2576 1130 2633 BFV;
1179 2591 1269 2623 om.
1302 2578 1396 2635 bp;
1447 2577 1602 2631 δεῖξαι
1631 2591 1725 2635 mg.
1758 2591 1818 2623 m.
1845 2582 1871 2621 2

176 2636 279 2681 FV.
402 2642 443 2681 2.
450 2636 662 2712 δεῖξαι1
686 2637 881 2693 ποιῆσαι
912 2637 962 2693 Ρ,
995 2651 1110 2682 corr.
1143 2652 1204 2682 m.
1230 2643 1270 2681 2.
1401 2642 1442 2682 4.
1478 2633 1652 2698 εὐθείᾳ
1684 2637 1871 2696 γραμμῇ

176 2695 226 2740 F.
336 2700 377 2741 5.
412 2691 604 2741 εὐθεῖαι
637 2697 745 2754 εξῆς
774 2696 987 2751 Proolus3
1022 2695 1166 2753 cfr.p
1171 2700 1308 2754 .,295
1327 2700 1396 2741 17.
1511 2682 1748 2755 κείμεναι]
1782 2709 1872 2740 om.

178 2755 384 2800 Proclus.
508 2761 547 2800 6.
581 2756 738 2815 δυσίν]
772 2751 859 2800 δνο
890 2756 1096 2801 Proclus.
1221 2761 1291 2802 13.
1297 2732 1452 2801 ἐστίν
1481 2754 1534 2810 Ρ,
1565 2757 1620 2800 ut
1649 2755 1844 2827 lin.14.5

179 2818 248 2857 14.
290 2814 402 2872 ΒΓ]
437 2827 552 2860 corn
585 2828 642 2860 ex
675 2817 759 2859 ΓΒ
791 2814 847 2859 V.
1002 2820 1070 2860 15.
1117 2815 1221 2873 ΓΒ]
1256 2817 1348 2859 ΒΓ
1372 2815 1417 2859 b.
1573 2819 1643 2859 17.
1675 2811 1752 2873 αἴ]
1785 2810 1815 2886 ἡ
1847 2827 1875 2860 e

177 2885 293 2918 corr.
325 2872 376 2916 B.
470 2875 605 2918 δυσίν
636 2873 691 2919 V.
809 2878 878 2920 18.
912 2872 1031 2919 εἰσὶν
1063 2874 1117 2919 δέ
1150 2875 1200 2919 P.
1314 2875 1451 2918 δυσίν
1482 2874 1538 2920 V.
1662 2877 1728 2918 19
1757 2868 1873 2930 (ὄρ-)

175 2934 292 2982 θαῖς
316 2958 371 2964 -
398 2937 469 2976 20.
505 2931 642 2991 εἰσίν]
676 2935 843 2990 posizea
875 2934 981 2980 add.
1013 2933 1064 2978 in
1090 2932 1138 2982 .V
1167 2933 1218 2977 in
1248 2933 1343 2978 imo
1374 2933 1501 2979 folio.
1626 2937 1697 2978 20.
1729 2931 1869 2990 εἰσίν]
