1956 3074
523 57 984 120 ELEMENTORUM
1014 59 1197 99 LIBER
1226 59 1262 100 Ι.
1671 57 1740 110 73

49 181 175 232 ΕΖ.
217 177 351 245 dico,
392 194 511 229 eam
543 177 771 246 angulos
805 176 1041 228 alternos
1065 179 1254 245 ΑΗΘ,
1285 179 1351 228 H
1352 180 1464 230 ΘΔ
1492 178 1746 247 aequales

57 265 265 319 efficere
316 268 371 318 et
410 265 669 335 angulum
708 263 1029 316 exteriorem
1067 267 1237 317 EHB
1275 265 1523 318 interiori
1561 270 1615 318 et
1655 285 1745 335 op-

54 354 232 424 posito
288 357 467 406 ΗΘΔ
521 352 801 422 aequalem
861 354 916 404 et
967 351 1248 405 interiores
1304 353 1373 405 ad
1428 354 1786 423 easdemque

50 446 233 513 partes
273 444 406 496 sitos
446 445 635 510 ΒΗΘ,
675 444 855 494 ΗΘΔ
894 440 1103 493 duobus
1142 441 1305 494 rectis
1347 443 1611 511 aequales,

158 550 287 585 nam
328 532 373 584 si
398 537 433 594 L
459 537 510 584 Α
520 534 632 583 ΗΘ
665 530 868 600 angulo
899 533 1079 582 ΗΘΔ
1107 530 1409 599 inaequalis
1450 533 1548 599 est,
1588 530 1746 583 alter-

56 624 177 674 uter
216 639 400 675 eorum
439 621 611 673 maior
650 622 746 682 est.
817 618 887 671 sit
926 623 960 680 L
984 621 1159 671 ΑΗΘ
1197 619 1383 672 maior.
1445 620 1746 673 communis

722 705 1008 759 adficiatur
1047 711 1081 768 L
1106 709 1290 759 ΒΗΘ.
1351 707 1534 776 itaque

720 797 895 847 ΑΗΘ
921 796 988 862 -ι-
1016 798 1187 848 ΒΗΘ
1207 803 1265 855 >
1292 798 1461 848 ΒΗΘ
1488 798 1745 863 -Ι-ΗΘΛ

55 745 658 1088 Λέᾷΐᾼ
720 885 1006 951 [nevum.
1061 901 1249 937 uerum
1281 887 1456 937 ΑΗΘ
1483 887 1549 952 -ῑ-
1577 888 1748 938 ΒΗΘ

719 972 925 1025 duobus
950 973 1115 1026 rectis
1141 974 1391 1042 aequales
1418 977 1546 1027 sunt
1571 975 1745 1043 [prop.

66 1037 130 1087 Γ
401 1035 444 1083 9
606 1040 658 1089 Δ
718 1059 891 1127 X111].
945 1079 1111 1130 quare
1150 1065 1321 1115 ΒΗΘ
1347 1065 1413 1130 -ι-
1441 1066 1619 1115 ΗΘΛ
1650 1062 1744 1115 du-

432 1092 454 1207 ζ
719 1151 855 1202 obus
902 1151 1068 1203 rectis
1106 1151 1344 1204 minores
1389 1154 1529 1205 sunt.
1609 1170 1746 1222 quae

717 1241 898 1291 autem
984 1257 1049 1292 ex
1127 1241 1342 1311 angulis
1420 1240 1746 1310 minoribUS,

45 1342 207 1393 quam
248 1327 378 1377 sunt
417 1325 521 1378 duo
561 1327 711 1396 recti,
749 1328 1118 1397 producuntur
1153 1330 1332 1382 rectae
1365 1329 1422 1381 in
1455 1330 1742 1400 infinitum,

44 1417 368 1467 concurrent
409 1416 535 1481 [αἴτ.
577 1414 651 1481 5].
705 1415 890 1486 itaque
929 1420 1054 1486 ΑΒ,
1092 1419 1204 1469 ΓΔ
1233 1417 1530 1486 productae
1569 1419 1627 1471 in
1666 1419 1745 1471 in-

40 1502 257 1554 finitum
297 1507 632 1558 concurrent.
701 1523 890 1558 uerum
928 1523 1039 1559 non
1073 1509 1416 1575 concurrunt,
1458 1507 1586 1576 quia
1618 1525 1740 1576 sup-

38 1594 318 1660 ponuntur
376 1591 688 1660 parallelae.
782 1611 948 1662 quare
999 1599 1034 1656 L
1066 1597 1240 1647 ΑΗΘ
1295 1595 1496 1665 angulo
1564 1598 1742 1650 ΗΘΛ

38 1678 342 1748 inaequalis
381 1697 493 1732 non
532 1683 629 1733 est.
703 1681 943 1750 aequalis
983 1682 1166 1752 igissur.

152 1768 243 1820 sed
293 1773 328 1830 L
368 1772 543 1821 ΑΗΘ
576 1794 646 1812 =
679 1773 851 1822 EHB
917 1772 1091 1840 [prop.
1130 1769 1275 1838 XV].
1363 1790 1527 1841 quare
1577 1773 1741 1826 etiam

39 1862 75 1919 L
115 1861 287 1910 EHB
329 1882 400 1900 =
434 1861 613 1910 ΗΘΔ
670 1859 740 1924 [κ.
787 1860 898 1912 ἕνν.
952 1861 1022 1926 1].
1108 1861 1408 1912 eommunis
1459 1861 1742 1915 adficiatur

40 1950 75 2008 L
108 1949 293 1999 ΒΗΘ.
361 1947 547 2015 itaque
587 1952 621 2009 L
656 1950 825 2000 EHB
854 1950 922 2015 -Ι-
949 1951 1120 2001 ΒΗΘ
1159 1974 1229 1991 =
1271 1953 1445 2003 ΒΗΘ
1471 1952 1537 2018 -†—
1565 1954 1743 2003 ΗΘΔ

42 2037 111 2102 [κ.
126 2036 238 2088 ἔνν.
256 2036 331 2102 2].
371 2053 561 2088 uerum
586 2039 639 2087 Ε
647 2039 709 2088 Η
711 2039 757 2088 Β
780 2038 844 2103 -ξ-
867 2040 1038 2090 ΒΗΘ
1063 2037 1269 2090 duobus
1302 2039 1462 2091 rectis
1489 2039 1741 2108 aequales

39 2127 167 2176 sunt
208 2126 383 2194 [prop.
404 2123 578 2192 XIIIJ.
632 2143 797 2194 quare
838 2126 1002 2179 etiam
1035 2129 1493 2195 ΒΗΘ-ί-ΗΘΔ
1531 2129 1739 2182 duobus
1844 2119 1856 2133 ⁴

37 2213 200 2266 rectis
242 2214 494 2283 aequales
537 2218 678 2267 sunt.

150 2301 301 2371 Ergo
340 2306 490 2356 reeta
528 2303 585 2355 in
620 2307 798 2357 rectas
831 2301 1123 2373 parallelas
1155 2305 1398 2359 incidens
1432 2309 1486 2359 et
1512 2307 1741 2377 angulos

43 2389 283 2446 alternos
339 2391 484 2444 inter
535 2410 591 2444 se
644 2394 895 2461 aequales
950 2394 1119 2447 efficit
1174 2398 1230 2447 et
1284 2396 1546 2465 angulum
1574 2399 1744 2456 ⁴exte-

40 2480 237 2533 riorem
278 2481 477 2550 angulo
518 2481 762 2534 interiori
802 2485 857 2534 et
896 2483 1147 2551 opposito
1189 2484 1469 2552 aequalem
1518 2487 1572 2536 eb
1603 2484 1740 2536 inte-

34 2609 125 2655 litt.
162 2612 261 2655 ΗΘ
291 2612 340 2655 in
370 2626 459 2656 ras.
493 2612 543 2658 F.
629 2607 770 2670 ἄλλά]
804 2608 907 2657 ἀλλ’
942 2614 993 2659 F.
1076 2619 1143 2659 19.
1176 2610 1293 2671 ὑπό]
1313 2613 1478 2671 (prius)
1502 2612 1557 2659 αἱ
1575 2612 1671 2660 ὑπό
1695 2616 1738 2660 b.

95 2671 260 2723 ΒΗΘ,
296 2671 466 2729 ΗΘΔ]
503 2674 553 2715 Η
578 2670 651 2715 bis
683 2685 708 2715 e
741 2686 857 2717 corr.
892 2672 948 2718 V.
1042 2678 1113 2717 20.
1147 2668 1251 2718 ἄλλ’
1285 2672 1334 2717 F.
1428 2675 1566 2719 δυσίν
1598 2674 1692 2731 Bp.

36 2731 107 2773 21.
127 2728 267 2788 εἰσίν]
284 2729 433 2783 PBF;
468 2728 733 2787 eloluulgo.
859 2733 995 2776 δυσίν
1026 2730 1163 2788 PBp.
1290 2731 1409 2777 εἰσιν
1435 2733 1533 2777 ἴσαι
1558 2733 1655 2778 BF.

34 2791 106 2832 23.
138 2785 189 2847 ἡ]
225 2803 249 2834 e-
283 2803 398 2834 eorr.
433 2788 488 2834 V.
612 2794 683 2833 24.
717 2806 765 2834 τε
821 2804 911 2835 om.
930 2790 979 2836 P.
1104 2796 1175 2837 25.
1211 2788 1345 2842 ἐκτὸς
1377 2791 1454 2850 τῇ]
1491 2797 1597 2836 m.2
1630 2793 1679 2837 F.

34 2842 328 2900 ἄπεναντίας
346 2864 389 2906 p.
483 2849 611 2907 ἴσην]
638 2862 726 2893 om.
795 2867 805 2903 3
840 2850 922 2894 καὶ
941 2847 1019 2894 ἐπὶ
1035 2846 1092 2893 τὰ
1112 2845 1234 2894 αὐτὰ
1253 2848 1371 2908 μέρη
1387 2851 1494 2908 ἴσην
1511 2851 1741 2910 BFpr.
