1956 3074
133 72 240 126 326
539 73 1124 117 DEMONSTRATIONES
1154 58 1442 115 ALTERAE.

131 189 164 261 ἡ
207 190 309 262 μὲν
348 196 451 246 ΓΒ
489 193 554 262 τῇ
594 196 719 246 ΗΚ
754 192 903 246 ἐστιν
944 197 1053 261 ἴση,
1094 187 1128 260 ἡ
1170 189 1232 245 δὲ
1270 195 1389 245 PH
1403 193 1468 262 τῇ
1509 194 1641 244 ΒΚ·
1709 190 1820 246 ἰσό·

131 285 374 352 πλευρον
415 277 524 351 ἄρα
563 279 678 335 ἐστὶ
716 278 778 334 τὸ
812 282 933 333 ΓΚ.
990 282 1098 350 ἔχει
1140 277 1202 333 δὲ
1239 277 1332 332 καὶ
1366 275 1552 349 ὀρθὴν
1583 278 1686 350 τὴν
1712 277 1817 334 ὑπὸ

132 372 305 422 ΓΒΚ
325 373 564 439 γωνίαν·
605 366 956 440 τετράγωνον
989 366 1099 439 ἄρα
1131 367 1244 422 ἐστὶ
1276 365 1338 421 τὸ
1364 371 1499 421 ΓΚ·
1546 371 1644 422 καί
1672 369 1818 422 ἐστιν

134 453 243 512 ἀπὸ
283 459 378 527 τῆς
402 460 517 510 ΓΒ.
581 455 675 510 διὰ
714 455 781 509 τὰ
821 453 961 509 αὐτὰ
1003 454 1072 525 δὴ
1112 455 1204 509 καὶ
1243 454 1306 510 τὸ
1341 461 1442 510 ΖΘ
1471 454 1820 527 τετράγωνόν

74 559 99 597 5
134 548 273 616 ἐστι,
319 549 418 600 καί
462 546 611 599 ἐστιν
660 551 784 599 ἴσον
830 547 904 617 τῷ
954 541 1061 598 ἀπὸ
1101 547 1197 614 τῆς
1235 549 1369 599 ΑΓ·
1439 543 1506 599 τὰ
1545 543 1654 615 ἄρα
1693 548 1822 613 ΓΚ,

133 640 235 690 ΘΖ
273 632 591 704 τετράγωνά
634 634 765 702 ἐστι,
804 636 902 686 καί
937 632 1087 687 ἐστιν
1128 637 1220 687 ἴσα
1257 644 1374 698 τοῖς
1412 629 1520 688 ἀπὸ
1552 635 1664 687 τῶν
1695 636 1822 701 ΑΓ,

132 728 248 779 ΓΒ.
317 722 410 777 καὶ
450 721 565 777 ἐπεὶ
606 728 732 776 ἴσον
773 719 887 776 ἐστὶ
925 719 988 776 τὸ
1030 726 1157 775 ΑΗ
1187 724 1262 796 τῷ
1304 726 1435 791 ΗΕ,
1474 727 1570 776 καί
1607 722 1719 776 ἐστι
1757 717 1821 775 τὸ

132 817 258 866 ΑΗ
296 809 358 866 τὸ
406 808 516 866 ὑπὸ
564 813 675 865 τῶν
714 815 847 881 ΑΓ,
886 814 1017 865 ΓΒ·
1091 818 1181 881 ἴση
1222 810 1328 882 γὰρ
1368 809 1402 881 ἡ
1443 815 1558 865 ΓΗ
1586 812 1650 882 τῇ
1692 813 1823 864 PB·

130 901 222 956 καὶ
262 898 325 955 τὸ
366 904 486 954 ΕΗ
519 897 628 970 ἄρα
669 906 794 954 ἴσον
836 899 950 955 ἐστὶ
988 902 1063 975 τῷ
1103 897 1212 954 ὑπὸ
1252 902 1364 954 τῶν
1402 904 1528 969 ΛΓ,
1568 905 1683 955 ΓΒ.
1753 898 1819 953 τὰ

45 999 99 1039 10
132 988 244 1062 ἄρα
266 995 405 1059 AH,
428 993 547 1043 ΗΕ
568 995 661 1043 ἴσα
701 988 816 1046 ἐστὶ
853 991 930 1064 τῷ
972 988 1058 1053 δὶς
1095 986 1204 1044 ὑπὸ
1244 991 1356 1044 τῶν
1390 995 1442 1043 A
1453 992 1515 1059 P,
1541 993 1657 1045 ΓΒ.
1709 992 1822 1043 ἔστι

132 1078 194 1134 δὲ
231 1078 325 1133 καὶ
362 1076 430 1132 τὰ
469 1082 603 1148 ΓΚ,
652 1083 753 1132 ΘΖ
805 1084 898 1132 ἴσα
936 1087 1052 1143 τοῖς
1090 1074 1198 1132 ἀπὸ
1238 1080 1349 1132 τῶν
1388 1081 1514 1147 ΑΓ,
1552 1081 1670 1132 ΓΒ.
1756 1075 1823 1132 τὰ

131 1166 239 1239 ἄρα
279 1172 412 1238 ΓΚ,
460 1172 587 1237 ΘΖ,
635 1171 776 1234 ΑΗ,
822 1171 942 1221 ΗΕ
986 1173 1078 1221 ἴσα
1126 1166 1238 1222 ἐστὶ
1285 1175 1402 1231 τοῖς
1446 1187 1503 1221 τε
1549 1162 1658 1221 ἀπὸ
1710 1168 1823 1221 τῶν

132 1261 258 1326 ΑΓ,
298 1261 399 1311 ΓΒ
431 1256 524 1310 καὶ
563 1258 639 1329 τῷ
682 1254 768 1320 δὶς
805 1251 915 1310 ὑπὸ
956 1257 1069 1310 τῶν
1097 1260 1222 1325 ΑΓ,
1262 1258 1378 1309 ΓΒ.
1419 1252 1557 1309 ἀλλὰ
1597 1251 1664 1308 τὰ
1694 1258 1824 1324 PK,

132 1351 235 1400 ΘΖ
273 1345 366 1400 καὶ
405 1342 471 1399 τὰ
510 1349 654 1414 ΑΗ,
694 1349 813 1399 HE
842 1341 979 1399 ὅλον
1019 1343 1132 1399 ἐστὶ
1171 1341 1233 1398 τὸ
1274 1348 1411 1411 ΑΕ,
1451 1340 1483 1397 ὅ
1523 1343 1672 1398 ἐστιν
1711 1341 1820 1398 ἀπὸ

43 1442 97 1481 15
129 1437 228 1505 τῆς
258 1439 367 1492 ΑΒ
392 1432 744 1506 τετράγωνον
764 1451 775 1463 ·
813 1431 875 1488 τὸ
917 1430 1026 1503 ἄρα
1066 1429 1174 1488 ἀπὸ
1214 1435 1312 1503 τῆς
1335 1437 1444 1487 AB
1469 1431 1823 1503 τετράγωνον

132 1529 258 1579 ἴσον
298 1522 412 1578 ἐστὶ
459 1532 575 1587 τοῖς
612 1543 670 1578 τε
708 1519 818 1577 ἀπὸ
857 1524 973 1577 τῶν
1011 1524 1144 1590 ΑΓ,
1185 1526 1287 1576 ΓΒ
1326 1519 1694 1594 τετραγώνοις
1730 1520 1823 1574 καὶ

129 1614 205 1687 τῷ
261 1611 347 1678 δὶς
399 1608 509 1667 ὑπὸ
563 1614 678 1667 τῶν
716 1614 849 1679 ΑΓ,
897 1613 998 1665 ΓΒ
1049 1611 1419 1685 περιεχομένῳ
1462 1606 1823 1683 ὀρθογωνίῳ·

132 1696 268 1771 ὅπερ
310 1702 422 1755 ἔδει
463 1701 652 1767 δεῖξαι.

949 1806 984 1858 2

641 1908 728 1962 Ad
767 1909 859 1962 lib.
898 1907 980 1962 ΙΠ
1016 1927 1170 1978 prop.
1212 1909 1260 1962 7.

230 2007 311 2065 Ἢ
340 2010 447 2066 καὶ
489 2008 707 2075 οὕτως.
788 2011 1096 2082 ἐπεζεύχθω
1144 2007 1179 2081 ἡ
1230 2013 1355 2066 ΕΚ.
1431 2009 1520 2064 καὶ
1576 2009 1690 2065 ἐπεὶ
1730 2017 1821 2081 ἴση

42 2105 98 2146 20
132 2099 283 2156 ἐστὶν
322 2097 357 2170 ἡ
388 2104 506 2153 ΗΕ
532 2101 597 2171 τῇ
623 2103 754 2169 ΕΚ,
792 2096 953 2169 κοινὴ
994 2097 1056 2154 δὲ
1095 2096 1129 2169 ἡ
1162 2103 1284 2168 ΖΕ,
1322 2097 1414 2153 καὶ
1452 2097 1615 2169 βάσις
1653 2095 1834 2170 ἡΖΗ

129 2188 289 2259 βάσει
329 2190 394 2261 τῇ
436 2192 547 2242 ΖΚ
585 2193 703 2257 ἴση,
742 2191 920 2257 γωνία
960 2185 1070 2258 ἄρα
1108 2185 1142 2258 ἡ
1184 2184 1292 2242 ὑπὸ
1332 2192 1502 2242 ΗΕΖ
1541 2191 1719 2260 γωνίᾳ
1757 2189 1822 2259 τῇ

129 2274 240 2332 ὑπὸ
281 2281 449 2332 ΚΕΖ
490 2282 581 2346 ἴση
624 2276 789 2331 ἐστίν.
840 2273 981 2330 ἀλλὰ
1013 2273 1046 2347 ἡ
1080 2273 1190 2332 ὑπὸ
1215 2280 1386 2330 ΗΕΖ
1416 2279 1481 2348 τῇ
1521 2273 1630 2331 ὑπὸ
1664 2281 1822 2330 ΘΕΖ

132 2367 282 2421 ἐστιν
323 2371 444 2435 ἴση·
505 2364 598 2419 καὶ
637 2361 673 2435 ἡ
712 2360 822 2419 ὑπὸ
861 2370 1021 2419 ΘΕΖ
1062 2363 1171 2435 ἄρα
1209 2368 1274 2438 τῇ
1314 2363 1423 2421 ὑπὸ
1463 2371 1634 2420 ΚΕΖ
1673 2367 1824 2422 ἐστιν

131 2461 242 2524 ἴση,
282 2450 315 2524 ἡ
358 2451 599 2509 ἐλάττων
638 2455 703 2524 τῇ
745 2457 982 2523 μείζονι·
1048 2451 1180 2524 ὅπερ
1221 2454 1371 2508 ἐστὶν
1411 2451 1711 2510 ἀδύνατον.

251 2602 332 2655 ΙΙΙ,
352 2606 402 2646 7.·
426 2601 657 2644 Insertum
688 2599 811 2645 inter
842 2595 1084 2645 ἀδύνατον
1118 2602 1167 2644 et
1198 2596 1285 2646 οὐκ
1316 2617 1361 2659 p.
1390 2605 1488 2657 182,
1509 2606 1534 2646 9
1566 2601 1693 2646 PBF
1710 2602 1792 2660 Vp.

253 2741 291 2779 1.
326 2730 473 2792 ἐστιν]
508 2747 657 2789 comp.
692 2747 833 2790 supra
849 2733 1002 2778 ser.F.
1074 2738 1114 2778 2.
1148 2734 1259 2792 καί]
1292 2734 1591 2791 absumptum
1617 2735 1674 2779 ob
1700 2737 1826 2792 rupt,

132 2809 339 2852 pergam.
357 2794 405 2838 F.
529 2797 570 2838 3.
606 2790 750 2862 gatus]
785 2788 883 2836 ἔστι
912 2788 965 2835 τό
996 2792 1046 2838 F.
1169 2798 1211 2837 4.
1246 2793 1351 2852 ΓΒ]
1385 2797 1476 2838 ΒΓ
1502 2794 1589 2850 Fp.
1713 2794 1821 2852 ΖΘ]

137 2855 220 2898 ΘΖ
251 2853 340 2910 Pp.
464 2849 560 2897 ἔστι
591 2867 884 2907 τετραγωνον
916 2865 959 2907 p.
1084 2857 1126 2897 5.
1160 2849 1275 2911 ἔστι]
1312 2851 1436 2900 ἐστιν
1468 2854 1525 2908 F3
1560 2867 1649 2898 om.
1683 2852 1744 2908 P;
1774 2853 1825 2898 in
