1956 3074
516 111 975 156 ELEMENTORUM
1005 110 1188 153 LIBER
1217 109 1294 152 1v.
1670 103 1776 158 287

198 233 281 288 Sit
303 234 460 287 datus
485 233 715 287 circulus
739 232 975 284 ΑΒΓΔ.
1015 230 1231 298 oportet
1254 228 1423 298 igitur
1441 227 1498 279 in
1518 227 1778 280 circulum

86 325 311 377 ΑΒΓΔ
349 322 672 392 quadratum
709 319 1018 373 inscribere.

201 411 466 466 ducantur
519 409 707 463 circuli
761 409 984 461 ΑΒΓΔ
1037 406 1174 459 duae
1228 404 1480 458 diametri
1530 404 1673 457 inter
1725 422 1782 457 se

0 493 10 588 ἱ
84 500 554 572 perpendiculares
601 499 724 568 AF,
762 500 890 566 BA,
930 499 986 549 et
1032 495 1298 548 ducantur
1343 495 1467 561 ΑΒ,
1506 494 1625 562 ΒΓ,
1663 494 1784 560 ΓΔ,

0 621 8 692 t
88 595 218 644 ΔΛ.
609 663 664 712 et
701 659 959 729 quoniam
1006 661 1118 711 ΒΕ
1139 683 1209 701 =
1234 659 1349 709 EA
1388 653 1541 727 (nam
1572 658 1625 707 E
1661 672 1784 707 cen-

282 730 350 778 Α
529 753 675 802 trum
714 745 837 820 est),
876 749 932 799 et
968 749 1080 799 EA
1110 745 1411 799 communis
1451 746 1535 797 est
1574 746 1629 796 et
1667 761 1785 812 per·

164 818 218 898 s
531 835 912 906 pendiculariS,
951 834 1055 888 erit
1092 838 1292 887 AB=
1317 837 1436 886 AA
1476 832 1542 902 [1‚
1565 833 1638 900 4].
1699 850 1786 885 ea-

98 916 151 964 B
532 925 655 978 dem
695 925 760 978 de
793 943 955 978 causa
978 925 1087 976 ΒΓ
1106 948 1176 966 =
1201 925 1310 975 AB
1343 923 1399 975 et
1429 923 1533 974 ΓΔ
1558 946 1628 964 =
1652 925 1786 975 AA.

315 960 321 1070 t
434 1005 468 1053 s
531 1014 715 1083 itaque
763 1013 1184 1082 quadrilaterum
1230 1013 1455 1064 ΑΒΓΔ
1493 1010 1786 1079 aequilate-

271 1111 338 1155 1⁷
531 1120 651 1154 rum
691 1106 786 1154 est.
864 1101 1007 1171 dico,
1046 1100 1190 1153 idem
1238 1096 1614 1173 rectangulum
1655 1116 1786 1153 esse.

0 1123 10 1175 1

533 1209 662 1243 nam
739 1190 996 1259 quoniam
1071 1191 1221 1242 recta
1298 1191 1413 1241 BA
1490 1187 1788 1241 diametrus

0 1236 7 1331 i
92 1284 177 1334 est
229 1279 417 1332 circuli
466 1281 712 1347 ΑΒΓΔ,
769 1278 1135 1332 semicirculus
1192 1279 1276 1331 est
1328 1280 1439 1331 BA
1451 1281 1520 1331 A.
1605 1277 1788 1346 itaque

0 1337 9 1452 ι
93 1371 328 1431 ΑΒΑΔ
365 1370 544 1420 rectus
593 1370 678 1420 est
721 1366 839 1436 [HI⁷
878 1367 990 1434 31].
1070 1366 1259 1420 eadem
1307 1366 1371 1419 de
1418 1384 1583 1420 causa
1623 1365 1789 1419 etiam

0 1453 8 1520 ἱ
93 1456 297 1528 singuli
336 1456 526 1527 anguli
564 1458 749 1524 ΑΒΓ,
808 1458 992 1525 ΒΓΔ,
1031 1457 1199 1508 ΓΔΑ
1235 1455 1370 1508 recti
1409 1457 1549 1508 sunt.
1604 1455 1790 1525 itaque

0 1523 13 1604 l.
92 1546 469 1614 rectangulum
519 1548 602 1598 est
648 1544 1071 1614 quadrilaterum
1121 1546 1359 1596 ΑΒΓΔ.
1437 1543 1531 1597 sed
1570 1543 1790 1596 demon-

95 1637 329 1687 stratum
368 1637 466 1702 est,
512 1633 656 1686 idem
697 1633 1090 1702 aequilaterum
1129 1649 1260 1686 esse.
1339 1631 1524 1701 itaque
1564 1631 1791 1702 quadra-

92 1727 210 1776 tum
251 1725 334 1775 est
373 1722 422 1788 [I
461 1721 564 1775 def.
606 1722 718 1789 22].
813 1724 867 1774 et
903 1722 962 1774 in
1001 1708 1263 1774 circulum
1302 1723 1526 1774 ΑΒΓΔ
1564 1720 1790 1790 inscrip-

94 1815 213 1865 tum
253 1814 351 1864 est.

205 1899 356 1970 Ergo
388 1899 447 1952 in
479 1898 667 1951 datum
700 1899 958 1953 circulum
991 1898 1320 1968 quadratum
1351 1898 1675 1968 inscriptum
1708 1900 1795 1952 est

96 1990 341 2057 ΑΒΓΔ;
382 1987 525 2056 quod
566 1988 857 2056 oportebat
894 1988 1027 2040 fieri.

900 2149 1023 2205 VII.

212 2249 429 2305 Circum
468 2252 655 2305 datum
695 2252 954 2306 circulum
987 2252 1310 2322 quadratum
1338 2253 1793 2308 circumscribere.

210 2339 292 2394 Sit
337 2341 494 2394 datus
541 2340 772 2394 circulus
813 2343 1050 2394 ΑΒΓΔ.
1129 2343 1346 2411 oportet
1383 2342 1552 2412 igitur
1591 2343 1791 2395 circum

98 2431 324 2483 ΑΒΓΔ
362 2430 619 2483 circulum
660 2429 987 2498 quadratum
1028 2430 1479 2483 circum-scribere.

210 2518 473 2571 ducantur
510 2519 695 2572 circuli
719 2520 943 2572 ΑΒΓΔ
966 2518 1102 2572 duae
1142 2518 1391 2572 diametri
1421 2519 1564 2571 inter
1589 2536 1645 2572 se
1676 2537 1796 2588 per-

96 2606 469 2675 pendiculares
508 2612 560 2659 A
573 2609 629 2675 Γ,
669 2610 796 2664 ΒΔ.
837 2610 891 2660 et
929 2625 1025 2676 per
1063 2612 1130 2676 A,
1169 2610 1232 2677 Β,
1273 2609 1332 2676 Γ,
1373 2611 1428 2659 Δ
1466 2610 1667 2676 puncta
1700 2607 1794 2660 du-

11 2811 18 2815 ·
98 2780 271 2839 θέντα]
304 2784 482 2825 ΑΒΓΔ
513 2782 613 2839 ΒΡ;
647 2780 858 2828 δοθέντα
890 2778 985 2840 ἄρα
1018 2782 1072 2828 V.
1219 2783 1334 2827 Post
1364 2778 1537 2827 κύκλον
1569 2782 1676 2827 add.
1708 2786 1793 2827 τὸν

100 2842 278 2883 ΑΒΓΔ
308 2839 351 2883 V
383 2841 432 2884 et
461 2841 497 2885 F
528 2855 588 2885 m.
615 2846 655 2886 2.
805 2847 873 2887 19.
905 2842 1123 2899 ποιῆσαι]
1154 2842 1203 2886 in
1235 2855 1323 2889 ras.
1356 2857 1402 2899 p.
1527 2847 1599 2887 24.
1632 2837 1794 2898 τετρά-

97 2902 300 2956 πλευρον
331 2899 381 2944 Ρ.
473 2904 544 2945 25.
576 2897 666 2957 γὰρ
698 2902 781 2946 τοῦ
815 2900 908 2958 Bp.
1002 2897 1110 2959 δύο]
1147 2915 1237 2946 om.
1270 2916 1314 2958 p.
1409 2907 1478 2947 26.
1513 2898 1591 2959 αἱ]
1626 2915 1715 2946 om,
1743 2899 1792 2946 P.
