1956 3074
148 59 260 113 310
758 57 1095 101 ΣΤΟΙΧΕΙΩΝ
1126 53 1191 103 δ’.

147 182 446 234 τείνουσαν
484 172 596 232 ὑπὸ
637 179 770 248 μίαν
809 177 932 232 τῶν
966 183 1105 232 ἴσων
1143 179 1398 247 γωνιῶν·
1467 175 1559 232 καὶ
1597 175 1694 243 τὰς
1731 183 1845 232 λοι-

149 265 254 332 πὰς
293 262 403 337 ἄρα
441 263 684 338 πλευρὰς
720 275 841 330 ταῖς
878 270 1096 330 λοιπαῖς
1127 270 1390 337 πλευραῖς
1422 271 1545 331 ἴσας
1575 266 1711 333 Ega-
1753 271 1844 337 ἴση

149 344 258 427 ἄρα
304 351 338 425 ἡ
382 359 483 409 ΖΘ
528 352 765 419 κάθετος
802 355 868 424 τῇ
910 358 1023 408 ΖΚ
1058 356 1293 428 καθέτῳ.
1349 351 1556 424 ὁμοίως
1595 352 1665 425 δὴ
1708 357 1847 425 δειχ-

149 442 409 514 θήσεται,
450 440 535 497 ὅτι
573 442 665 497 καὶ
705 441 906 513 ἑκάστη
946 445 1059 497 τῶν
1098 448 1230 512 ΖΛ,
1271 448 1421 513 ΖΜ,
1462 448 1582 498 ΖΗ
1619 443 1849 517 ἑκατέρᾳ

91 544 118 584 5
150 534 263 587 τῶν
305 536 438 601 ΖΘ,
495 535 607 584 ΖΚ
658 537 749 602 ἴση
802 531 982 586 ἐστίν·
1046 532 1108 585 αἱ
1157 529 1317 585 πέντε
1370 528 1481 603 ἄρα
1530 529 1750 586 εὐθεῖαι
1790 531 1852 585 αἱ

152 625 281 691 ΖΗ,
337 625 455 690 ΖΘ,
498 624 624 689 ΖΚ,
667 624 791 689 ΖΛ,
832 624 960 674 ΖΜ
991 625 1105 674 ἴσαι
1144 616 1410 690 ἀλλήλαις
1449 622 1606 674 εἰσίν.
1663 617 1693 676 ὁ
1735 618 1848 691 ἄρα

149 709 358 781 κέντρῳ
397 711 473 781 τῷ
514 714 560 763 Ζ
600 707 927 780 διαστήματι
968 707 1030 763 δὲ
1069 708 1153 763 ἑνὶ
1199 711 1312 764 τῶν
1345 713 1419 778 Η,
1460 713 1524 777 Θ,
1564 713 1635 778 Κ,
1675 714 1746 779 Λ,
1787 713 1861 764 Μ

149 795 352 863 κύκλος
390 797 746 870 γραφόμενος
783 795 899 868 ἥξει
937 797 1030 852 καὶ
1071 796 1163 853 διὰ
1208 801 1322 853 τῶν
1362 799 1575 853 λοιπῶν
1608 802 1852 869 σημείων

150 884 243 940 καὶ
284 887 556 957 ἐφάψεται
594 890 708 943 τῶν
748 893 883 957 ΑΒ,
929 890 1057 957 ΒΓ,
1104 891 1235 958 ΓΔ,
1284 891 1422 958 ΔΕ,
1462 893 1574 942 ΕΑ
1613 884 1853 943 εὐθειῶν

61 986 119 1027 10
152 973 245 1029 διὰ
293 972 356 1031 τὸ
412 973 590 1048 ὀρθὰς
630 973 775 1031 εἶναι
813 974 910 1042 τὰς
949 974 1089 1049 πρὸς
1127 984 1243 1041 τοῖς
1281 981 1365 1046 Η,
1416 980 1488 1046 Θ,
1535 980 1616 1046 Κ,
1663 981 1740 1046 Λ,
1788 981 1862 1031 Μ

152 1067 400 1135 σημείοις
446 1068 668 1135 γωνίας.
745 1067 796 1121 εἰ
839 1063 946 1137 γὰρ
996 1062 1100 1121 οὐκ
1138 1063 1411 1137 ἐφάψεται
1451 1061 1660 1136 αὐτῶν,
1707 1061 1849 1119 ἀλλὰ

150 1163 305 1223 τεμεῖ
339 1150 530 1223 αὐτάς,
569 1153 910 1225 συμβήσεται
939 1152 1045 1225 τὴν
1076 1157 1141 1227 τῇ
1186 1155 1460 1229 διαμέτρῳ
1500 1155 1603 1208 τοῦ
1641 1152 1852 1209 κύκλου

150 1238 291 1313 πρὸς
345 1239 527 1311 ὀρθὰς
582 1239 676 1296 ἄπ’
727 1240 899 1313 ἄκρας
946 1239 1230 1313 ἀγομένην
1277 1240 1435 1307 ἐντὸς
1485 1245 1703 1297 πίπτειν
1749 1244 1852 1297 τοῦ

150 1327 393 1385 κύκλου·
435 1328 571 1402 ὅπερ
611 1328 824 1385 ἄτοπον
865 1331 1106 1401 ἐδείχθη.
1161 1327 1264 1386 οὐκ
1304 1328 1414 1401 ἄρα
1454 1351 1484 1384 ο
1525 1330 1735 1406 κέντρῳ
1776 1339 1852 1406 τῷ

66 1431 120 1471 15
155 1423 200 1472 Z
241 1417 569 1490 διαστήματι
610 1418 672 1474 δὲ
711 1418 796 1473 ἑνὶ
835 1421 947 1474 τῶν
987 1424 1067 1489 Η,
1124 1424 1194 1489 Θ,
1250 1423 1330 1489 Κ,
1379 1423 1456 1490 Λ,
1503 1425 1578 1474 Μ
1608 1423 1853 1491 σημείων

152 1506 511 1579 γραφόμενος
564 1505 767 1572 κύκλος
818 1517 971 1578 τεμεῖ
1023 1505 1123 1572 τὰς
1176 1512 1311 1578 ΑΒ,
1367 1511 1493 1579 ΒΓ,
1546 1512 1674 1579 ΓΔ,
1721 1512 1852 1578 ΔΕ,

153 1601 265 1651 ΕΑ
304 1593 556 1661 εὐθείας·
614 1595 884 1667 ἐφάψεται
924 1594 1035 1669 ἄρα
1076 1594 1279 1652 αὐτῶν.
1358 1595 1668 1670 γεγράφθω
1709 1593 1783 1661 ὥς
1823 1593 1853 1651 ὅ
1940 1661 1942 1664 ¹

156 1689 482 1739 ΗΘΚΛΜ

267 1776 368 1839 Εἰς
415 1771 532 1850 ἄρα.
574 1772 635 1829 τὸ
679 1774 856 1829 δοθὲν
894 1773 1281 1846 πεντάγωνον,
1336 1771 1368 1829 ὅ
1408 1775 1558 1830 ἐστιν
1598 1771 1854 1829 ἰσόπλευ-

63 1875 121 1915 20
155 1860 260 1933 ρόν
299 1882 356 1916 τε
395 1861 486 1916 καὶ
528 1861 849 1934 ἰσογώνιον,
887 1862 1090 1928 κύκλος
1129 1863 1520 1935 ἐγγέγραπται·
1567 1860 1700 1934 ὅπερ
1741 1865 1853 1917 ἔδει

156 1954 398 2022 ποιῆσαι.

956 2052 1059 2110 ιδ’.

270 2157 436 2228 Περὶ
483 2157 553 2213 τὸ
595 2157 801 2213 δοθὲν
862 2155 1314 2228 πεντάγωνον,
1381 2155 1413 2213 ὅ
1476 2160 1654 2214 ἐστιν
1717 2155 1856 2213 ἰσό-

157 2245 451 2317 πλευρόν
488 2267 553 2301 τε
591 2245 699 2300 καὶ
733 2245 1119 2318 ἰσογώνιον,
1157 2244 1403 2302 κύκλον
1435 2245 1857 2318 περιγράψαι.

256 2334 438 2391 ’Ἑστω
484 2332 546 2390 τὸ
596 2334 771 2390 δοθὲν
811 2333 1200 2405 πεντάγωνον,
1256 2331 1288 2389 ὅ
1329 2335 1478 2390 ἐστιν
1519 2332 1855 2406 ἰσόπλευρόν

70 2436 125 2477 25
159 2447 216 2481 τε
241 2424 333 2480 καὶ
359 2421 679 2494 ἰσογώνιον,
703 2421 766 2479 τὸ
791 2429 898 2478 AB
910 2428 1098 2479 ΓΔΕ·
1132 2425 1220 2478 δεῖ
1242 2420 1311 2493 δὴ
1336 2422 1460 2495 περὶ
1484 2421 1546 2478 τὸ
1574 2426 1858 2478 ΑΒΓΔΕ

160 2512 523 2584 πεντάγωνον
561 2510 770 2568 κύκλον
809 2511 1162 2584 περιγράψαι.

281 2682 323 2720 4.
358 2677 474 2732 ΖΗ]
507 2678 622 2719 ΜΗ
647 2674 697 2720 P.
783 2679 820 2720 5.
857 2670 982 2719 ἐστιν
1014 2676 1089 2730 ἴση
1121 2673 1175 2718 V.
1264 2680 1303 2719 7.
1338 2675 1412 2733 H]
1446 2690 1506 2718 m.
1533 2679 1559 2718 2
1592 2674 1647 2719 V.
1750 2677 1853 2728 ZH,

163 2738 264 2791 ΖΘ,
299 2739 397 2791 ΖΚ,
434 2738 529 2791 ΖΛ,
563 2737 666 2778 ΖΜ
691 2733 953 2792 Gregorius.
1080 2739 1148 2779 10.
1181 2734 1262 2791 Μ]
1296 2747 1386 2780 om.
1418 2732 1469 2779 P.
1596 2738 1667 2779 11.
1699 2734 1854 2790 σημεί-

163 2795 253 2853 οις]
288 2808 376 2839 om.
414 2794 506 2850 Bp.
655 2798 725 2838 12.
759 2790 864 2851 τήν]
898 2789 927 2850 ἡ
959 2793 1050 2850 Bp.
1193 2797 1260 2837 13.
1295 2790 1504 2850 ἀγομένη
1539 2791 1631 2849 Bp.
1786 2796 1853 2837 14.

164 2849 382 2911 ἐδείχθη]
417 2867 506 2897 om.
539 2853 630 2909 Bp.
756 2857 823 2899 15.
858 2855 939 2897 καὶ
971 2849 1251 2909 διαστήματι
1285 2848 1362 2896 ἔνι’
1387 2851 1479 2908 Bp.
1606 2854 1718 2907 ZH,
1754 2851 1852 2906 ΖΘ,
