<?xml version="1.0" encoding="UTF-8"?>
<!DOCTYPE html PUBLIC "-//W3C//DTD XHTML 1.0 Transitional//EN"
    "http://www.w3.org/TR/xhtml1/DTD/xhtml1-transitional.dtd">
<html xmlns="http://www.w3.org/1999/xhtml" xml:lang="en" lang="en">
 <head>
  <title>
</title>
<meta http-equiv="Content-Type" content="text/html;charset=utf-8" />
  <meta name='ocr-system' content='tesseract 3.04.00' />
  <meta name='ocr-capabilities' content='ocr_page ocr_carea ocr_par ocr_line ocrx_word'/>
</head>
<body>
  <div class='ocr_page' id='page_1' title='image "./euclidisoperaomn01eucluoft_0158.png"; bbox 0 0 1956 3074; ppageno 0'>
   <div class='ocr_carea' id='block_1_1' title="bbox 133 1031 188 1071">
    <p class='ocr_par' dir='ltr' id='par_1_1' title="bbox 133 1031 188 1071">
     <span class='ocr_line' id='line_1_1' title="bbox 133 1031 188 1071; baseline 0.036 -2"><span class='ocrx_word' id='word_1_1' title='bbox 133 1031 188 1071; x_wconf 92' lang='lat'><em>10</em></span> 
     </span>
    </p>
   </div>
   <div class='ocr_carea' id='block_1_2' title="bbox 133 1474 185 1513">
    <p class='ocr_par' dir='ltr' id='par_1_2' title="bbox 133 1474 185 1513">
     <span class='ocr_line' id='line_1_2' title="bbox 133 1474 185 1513; baseline 0 0"><span class='ocrx_word' id='word_1_2' title='bbox 133 1474 185 1513; x_wconf 88' lang='lat'><em>15</em></span> 
     </span>
    </p>
   </div>
   <div class='ocr_carea' id='block_1_3' title="bbox 127 1918 184 1958">
    <p class='ocr_par' dir='ltr' id='par_1_3' title="bbox 127 1918 184 1958">
     <span class='ocr_line' id='line_1_3' title="bbox 127 1918 184 1958; baseline 0 0"><span class='ocrx_word' id='word_1_3' title='bbox 127 1918 184 1958; x_wconf 80' lang='lat'><em>20</em></span> 
     </span>
    </p>
   </div>
   <div class='ocr_carea' id='block_1_4' title="bbox 126 2361 182 2401">
    <p class='ocr_par' dir='ltr' id='par_1_4' title="bbox 126 2361 182 2401">
     <span class='ocr_line' id='line_1_4' title="bbox 126 2361 182 2401; baseline 0.018 -1"><span class='ocrx_word' id='word_1_4' title='bbox 126 2361 182 2401; x_wconf 82' lang='lat'><em>25</em></span> 
     </span>
    </p>
   </div>
   <div class='ocr_carea' id='block_1_5' title="bbox 227 96 1301 157">
    <p class='ocr_par' dir='ltr' id='par_1_5' title="bbox 227 96 1301 157">
     <span class='ocr_line' id='line_1_5' title="bbox 227 96 1301 157; baseline 0.003 -16"><span class='ocrx_word' id='word_1_5' title='bbox 227 98 335 151; x_wconf 87' lang='lat'><em>144</em></span> <span class='ocrx_word' id='word_1_6' title='bbox 870 100 1205 143; x_wconf 72' lang='grc' dir='ltr'>ΣΤοΙΧΕΙΩΝ</span> <span class='ocrx_word' id='word_1_7' title='bbox 1238 96 1301 157; x_wconf 80' lang='grc' dir='ltr'><em>β’.</em></span> 
     </span>
    </p>
   </div>
   <div class='ocr_carea' id='block_1_6' title="bbox 223 207 1956 290">
    <p class='ocr_par' dir='ltr' id='par_1_6' title="bbox 223 207 1956 290">
     <span class='ocr_line' id='line_1_6' title="bbox 223 207 1956 290; baseline 0.002 -18"><span class='ocrx_word' id='word_1_8' title='bbox 223 219 318 273; x_wconf 78' lang='grc' dir='ltr'><em>διὰ</em></span> <span class='ocrx_word' id='word_1_9' title='bbox 367 214 435 272; x_wconf 83' lang='grc' dir='ltr'><em>τὰ</em></span> <span class='ocrx_word' id='word_1_10' title='bbox 490 214 630 272; x_wconf 78' lang='grc' dir='ltr'><em>αὐτὰ</em></span> <span class='ocrx_word' id='word_1_11' title='bbox 679 215 750 288; x_wconf 79' lang='grc' dir='ltr'><em>δὴ</em></span> <span class='ocrx_word' id='word_1_12' title='bbox 797 217 891 272; x_wconf 87' lang='grc' dir='ltr'><em>καὶ</em></span> <span class='ocrx_word' id='word_1_13' title='bbox 938 217 1166 290; x_wconf 79' lang='grc' dir='ltr'><em>ἑκατέρα</em></span> <span class='ocrx_word' id='word_1_14' title='bbox 1212 221 1328 274; x_wconf 76' lang='grc' dir='ltr'><em>τῶν</em></span> <span class='ocrx_word' id='word_1_15' title='bbox 1377 216 1488 274; x_wconf 82' lang='grc' dir='ltr'><em>ὑπὸ</em></span> <span class='ocrx_word' id='word_1_16' title='bbox 1528 222 1715 289; x_wconf 89' lang='grc' dir='ltr'>ΓΕΒ,</span> <span class='ocrx_word' id='word_1_17' title='bbox 1758 207 1956 275; x_wconf 77' lang='grc' dir='ltr'><em>ΕΒΓι</em></span> 
     </span>
    </p>
   </div>
   <div class='ocr_carea' id='block_1_7' title="bbox 214 302 1915 380">
    <p class='ocr_par' dir='ltr' id='par_1_7' title="bbox 214 302 1915 380">
     <span class='ocr_line' id='line_1_7' title="bbox 214 302 1915 380; baseline 0.005 -24"><span class='ocrx_word' id='word_1_18' title='bbox 214 302 446 376; x_wconf 31' lang='grc' dir='ltr'><em>ιὴμίσειοὲ</em></span> <span class='ocrx_word' id='word_1_19' title='bbox 495 307 647 362; x_wconf 83' lang='grc' dir='ltr'><em>ἐστιν</em></span> <span class='ocrx_word' id='word_1_20' title='bbox 703 303 909 377; x_wconf 81' lang='grc' dir='ltr'><strong><em>ὀρθῆς·</em></strong></span> <span class='ocrx_word' id='word_1_21' title='bbox 981 304 1082 377; x_wconf 82' lang='grc' dir='ltr'><em>ὅλη</em></span> <span class='ocrx_word' id='word_1_22' title='bbox 1138 305 1247 378; x_wconf 77' lang='grc' dir='ltr'><em>ἄρα</em></span> <span class='ocrx_word' id='word_1_23' title='bbox 1300 304 1333 379; x_wconf 84' lang='grc' dir='ltr'><em>ἡ</em></span> <span class='ocrx_word' id='word_1_24' title='bbox 1390 305 1500 363; x_wconf 83' lang='grc' dir='ltr'><em>ὑπὸ</em></span> <span class='ocrx_word' id='word_1_25' title='bbox 1551 313 1720 364; x_wconf 89' lang='grc' dir='ltr'><em>ΑΕΒ</em></span> <span class='ocrx_word' id='word_1_26' title='bbox 1768 305 1915 380; x_wconf 83' lang='grc' dir='ltr'><strong><em>ὀρθή</em></strong></span> 
     </span>
    </p>
   </div>
   <div class='ocr_carea' id='block_1_8' title="bbox 219 391 1923 823">
    <p class='ocr_par' dir='ltr' id='par_1_8' title="bbox 219 391 1923 823">
     <span class='ocr_line' id='line_1_8' title="bbox 223 391 1916 469; baseline 0.002 -20"><span class='ocrx_word' id='word_1_27' title='bbox 223 395 388 449; x_wconf 79' lang='grc' dir='ltr'><em>ἐστιν.</em></span> <span class='ocrx_word' id='word_1_28' title='bbox 471 393 564 449; x_wconf 82' lang='grc' dir='ltr'><em>καὶ</em></span> <span class='ocrx_word' id='word_1_29' title='bbox 613 393 728 450; x_wconf 80' lang='grc' dir='ltr'><em>ἐπεὶ</em></span> <span class='ocrx_word' id='word_1_30' title='bbox 775 391 810 464; x_wconf 87' lang='grc' dir='ltr'><strong><em>ῆ</em></strong></span> <span class='ocrx_word' id='word_1_31' title='bbox 849 391 957 449; x_wconf 84' lang='grc' dir='ltr'><em>ὑπὸ</em></span> <span class='ocrx_word' id='word_1_32' title='bbox 997 400 1169 449; x_wconf 90' lang='grc' dir='ltr'><em>ΗΕΖ</em></span> <span class='ocrx_word' id='word_1_33' title='bbox 1230 391 1455 465; x_wconf 78' lang='grc' dir='ltr'><em>ἡμίσειά</em></span> <span class='ocrx_word' id='word_1_34' title='bbox 1515 397 1666 452; x_wconf 83' lang='grc' dir='ltr'><em>ἐστιν</em></span> <span class='ocrx_word' id='word_1_35' title='bbox 1721 394 1916 469; x_wconf 84' lang='grc' dir='ltr'><strong><em>ὀρθῆς,</em></strong></span> 
     </span>
     <span class='ocr_line' id='line_1_9' title="bbox 222 480 1916 558; baseline 0.002 -20"><span class='ocrx_word' id='word_1_36' title='bbox 222 480 371 555; x_wconf 82' lang='grc' dir='ltr'><strong><em>ὀρθὴ</em></strong></span> <span class='ocrx_word' id='word_1_37' title='bbox 429 481 491 538; x_wconf 74' lang='grc' dir='ltr'><em>δὲ</em></span> <span class='ocrx_word' id='word_1_38' title='bbox 540 480 574 554; x_wconf 86' lang='grc' dir='ltr'><strong><em>ῆ</em></strong></span> <span class='ocrx_word' id='word_1_39' title='bbox 628 480 738 537; x_wconf 83' lang='grc' dir='ltr'><em>ὑπὸ</em></span> <span class='ocrx_word' id='word_1_40' title='bbox 792 487 992 537; x_wconf 87' lang='grc' dir='ltr'><em>ΕΗΖ·</em></span> <span class='ocrx_word' id='word_1_41' title='bbox 1055 489 1146 552; x_wconf 91' lang='grc' dir='ltr'><em>ἴση</em></span> <span class='ocrx_word' id='word_1_42' title='bbox 1193 482 1301 555; x_wconf 79' lang='grc' dir='ltr'><em>γάρ</em></span> <span class='ocrx_word' id='word_1_43' title='bbox 1349 485 1464 540; x_wconf 85' lang='grc' dir='ltr'><em>ἐστι</em></span> <span class='ocrx_word' id='word_1_44' title='bbox 1510 487 1575 558; x_wconf 83' lang='grc' dir='ltr'><em>τῇ</em></span> <span class='ocrx_word' id='word_1_45' title='bbox 1625 483 1781 550; x_wconf 82' lang='grc' dir='ltr'><em>ἐντὸς</em></span> <span class='ocrx_word' id='word_1_46' title='bbox 1824 486 1916 541; x_wconf 85' lang='grc' dir='ltr'><em>καὶ</em></span> 
     </span>
     <span class='ocr_line' id='line_1_10' title="bbox 221 568 1923 645; baseline 0.002 -19"><span class='ocrx_word' id='word_1_47' title='bbox 221 569 562 627; x_wconf 76' lang='grc' dir='ltr'><em>ἀπεναντίον</em></span> <span class='ocrx_word' id='word_1_48' title='bbox 607 574 673 643; x_wconf 81' lang='grc' dir='ltr'><em>τῇ</em></span> <span class='ocrx_word' id='word_1_49' title='bbox 722 568 828 626; x_wconf 81' lang='grc' dir='ltr'><em>ὑπὸ</em></span> <span class='ocrx_word' id='word_1_50' title='bbox 878 575 1068 625; x_wconf 90' lang='grc' dir='ltr'><em>ΕΓΒ·</em></span> <span class='ocrx_word' id='word_1_51' title='bbox 1131 570 1296 643; x_wconf 83' lang='grc' dir='ltr'><em>λοιπὴ</em></span> <span class='ocrx_word' id='word_1_52' title='bbox 1351 571 1461 645; x_wconf 80' lang='grc' dir='ltr'><em>ὀῖρα</em></span> <span class='ocrx_word' id='word_1_53' title='bbox 1508 570 1542 644; x_wconf 81' lang='grc' dir='ltr'><em>ἡ</em></span> <span class='ocrx_word' id='word_1_54' title='bbox 1590 570 1699 628; x_wconf 84' lang='grc' dir='ltr'><em>ὑπὸ</em></span> <span class='ocrx_word' id='word_1_55' title='bbox 1747 579 1923 629; x_wconf 88' lang='grc' dir='ltr'><em>,ΕΖΗ</em></span> 
     </span>
     <span class='ocr_line' id='line_1_11' title="bbox 220 657 1915 732; baseline 0.002 -18"><span class='ocrx_word' id='word_1_56' title='bbox 220 657 443 731; x_wconf 78' lang='grc' dir='ltr'><em>ἡμίσειά</em></span> <span class='ocrx_word' id='word_1_57' title='bbox 486 661 637 715; x_wconf 84' lang='grc' dir='ltr'><em>ἐστιν</em></span> <span class='ocrx_word' id='word_1_58' title='bbox 683 657 888 729; x_wconf 86' lang='grc' dir='ltr'><strong><em>ὀρθῆς·</em></strong></span> <span class='ocrx_word' id='word_1_59' title='bbox 953 666 1044 730; x_wconf 91' lang='grc' dir='ltr'><em>ἴση</em></span> <span class='ocrx_word' id='word_1_60' title='bbox 1099 658 1208 732; x_wconf 79' lang='grc' dir='ltr'><em>ἄρα</em></span> <span class='ocrx_word' id='word_1_61' title='bbox 1257 660 1454 730; x_wconf 83' lang='grc' dir='ltr'><em>[ἐστὶν]</em></span> <span class='ocrx_word' id='word_1_62' title='bbox 1502 658 1536 731; x_wconf 83' lang='grc' dir='ltr'><em>ἡ</em></span> <span class='ocrx_word' id='word_1_63' title='bbox 1590 658 1699 716; x_wconf 82' lang='grc' dir='ltr'><em>ὑπὸ</em></span> <span class='ocrx_word' id='word_1_64' title='bbox 1747 667 1915 718; x_wconf 91' lang='grc' dir='ltr'><em>ΗΕΖ</em></span> 
     </span>
     <span class='ocr_line' id='line_1_12' title="bbox 219 745 1916 823; baseline 0.003 -21"><span class='ocrx_word' id='word_1_65' title='bbox 219 752 398 818; x_wconf 91' lang='grc' dir='ltr'><em>γωνία</em></span> <span class='ocrx_word' id='word_1_66' title='bbox 436 750 502 821; x_wconf 84' lang='grc' dir='ltr'><em>τῇ</em></span> <span class='ocrx_word' id='word_1_67' title='bbox 542 745 652 803; x_wconf 82' lang='grc' dir='ltr'><em>ὑπὸ</em></span> <span class='ocrx_word' id='word_1_68' title='bbox 694 753 892 803; x_wconf 86' lang='grc' dir='ltr'><em>ΕΖΗ·</em></span> <span class='ocrx_word' id='word_1_69' title='bbox 933 745 1073 803; x_wconf 74' lang='grc' dir='ltr'><em>ὥστε</em></span> <span class='ocrx_word' id='word_1_70' title='bbox 1108 749 1203 809; x_wconf 86' lang='grc' dir='ltr'><em>καὶ</em></span> <span class='ocrx_word' id='word_1_71' title='bbox 1243 748 1452 823; x_wconf 75' lang='grc' dir='ltr'><strong><em>πλευρὰ</em></strong></span> <span class='ocrx_word' id='word_1_72' title='bbox 1493 748 1527 821; x_wconf 83' lang='grc' dir='ltr'><em>ἡ</em></span> <span class='ocrx_word' id='word_1_73' title='bbox 1559 755 1684 805; x_wconf 90' lang='grc' dir='ltr'><em>ΕΗ</em></span> <span class='ocrx_word' id='word_1_74' title='bbox 1706 754 1772 823; x_wconf 80' lang='grc' dir='ltr'><em>τῇ</em></span> <span class='ocrx_word' id='word_1_75' title='bbox 1805 756 1916 807; x_wconf 93' lang='grc' dir='ltr'><em>ΗΖ</em></span> 
     </span>
    </p>
   </div>
   <div class='ocr_carea' id='block_1_9' title="bbox 211 834 1917 915">
    <p class='ocr_par' dir='ltr' id='par_1_9' title="bbox 211 834 1917 915">
     <span class='ocr_line' id='line_1_13' title="bbox 211 834 1917 915; baseline 0.003 -24"><span class='ocrx_word' id='word_1_76' title='bbox 211 838 373 892; x_wconf 55' lang='grc' dir='ltr'><em>«ἐστιν</em></span> <span class='ocrx_word' id='word_1_77' title='bbox 420 843 529 907; x_wconf 87' lang='grc' dir='ltr'><em>ἴση.</em></span> <span class='ocrx_word' id='word_1_78' title='bbox 605 835 775 892; x_wconf 73' lang='grc' dir='ltr'><em>πάλιν</em></span> <span class='ocrx_word' id='word_1_79' title='bbox 810 836 938 898; x_wconf 76' lang='grc' dir='ltr'><em>,ἐπεὶ</em></span> <span class='ocrx_word' id='word_1_80' title='bbox 985 834 1020 908; x_wconf 84' lang='grc' dir='ltr'><em>ἡ</em></span> <span class='ocrx_word' id='word_1_81' title='bbox 1067 836 1206 909; x_wconf 86' lang='grc' dir='ltr'><strong><em>πρὸς</em></strong></span> <span class='ocrx_word' id='word_1_82' title='bbox 1245 840 1327 915; x_wconf 74' lang='grc' dir='ltr'><em>τῷ</em></span> <span class='ocrx_word' id='word_1_83' title='bbox 1374 845 1421 894; x_wconf 88' lang='grc' dir='ltr'><em>Β</em></span> <span class='ocrx_word' id='word_1_84' title='bbox 1467 844 1646 910; x_wconf 86' lang='grc' dir='ltr'><em>γωνία</em></span> <span class='ocrx_word' id='word_1_85' title='bbox 1695 838 1917 911; x_wconf 77' lang='grc' dir='ltr'><em>ἡμίσειά</em></span> 
     </span>
    </p>
   </div>
   <div class='ocr_carea' id='block_1_10' title="bbox 214 922 1919 2505">
    <p class='ocr_par' dir='ltr' id='par_1_10' title="bbox 214 922 1919 2505">
     <span class='ocr_line' id='line_1_14' title="bbox 221 922 1917 999; baseline 0.002 -19"><span class='ocrx_word' id='word_1_86' title='bbox 221 926 373 981; x_wconf 82' lang='grc' dir='ltr'><em>ἐστιν</em></span> <span class='ocrx_word' id='word_1_87' title='bbox 420 923 625 998; x_wconf 81' lang='grc' dir='ltr'><strong><em>ὀρθῆς,</em></strong></span> <span class='ocrx_word' id='word_1_88' title='bbox 678 922 825 997; x_wconf 80' lang='grc' dir='ltr'><strong><em>ὀρθὴ</em></strong></span> <span class='ocrx_word' id='word_1_89' title='bbox 868 924 940 981; x_wconf 36' lang='grc' dir='ltr'><em>,δὲ</em></span> <span class='ocrx_word' id='word_1_90' title='bbox 980 923 1014 996; x_wconf 84' lang='grc' dir='ltr'>ἡ</span> <span class='ocrx_word' id='word_1_91' title='bbox 1054 923 1165 982; x_wconf 84' lang='grc' dir='ltr'><em>ὑπὸ</em></span> <span class='ocrx_word' id='word_1_92' title='bbox 1202 933 1406 988; x_wconf 80' lang='grc' dir='ltr'><em>ΖΔΒ·</em></span> <span class='ocrx_word' id='word_1_93' title='bbox 1469 934 1560 999; x_wconf 83' lang='grc' dir='ltr'><em>ἴση</em></span> <span class='ocrx_word' id='word_1_94' title='bbox 1600 926 1707 999; x_wconf 81' lang='grc' dir='ltr'><em>γὰρ</em></span> <span class='ocrx_word' id='word_1_95' title='bbox 1747 926 1917 984; x_wconf 78' lang='grc' dir='ltr'><em>πάλιν</em></span> 
     </span>
     <span class='ocr_line' id='line_1_15' title="bbox 221 1011 1915 1089; baseline 0.002 -20"><span class='ocrx_word' id='word_1_96' title='bbox 221 1014 335 1069; x_wconf 83' lang='grc' dir='ltr'><em>ἐστὶ</em></span> <span class='ocrx_word' id='word_1_97' title='bbox 389 1017 455 1085; x_wconf 82' lang='grc' dir='ltr'><em>τῇ</em></span> <span class='ocrx_word' id='word_1_98' title='bbox 504 1011 661 1079; x_wconf 85' lang='grc' dir='ltr'><em>ἐντὸς</em></span> <span class='ocrx_word' id='word_1_99' title='bbox 706 1014 798 1068; x_wconf 80' lang='grc' dir='ltr'><em>καὶ</em></span> <span class='ocrx_word' id='word_1_100' title='bbox 846 1012 1185 1071; x_wconf 77' lang='grc' dir='ltr'><em>ἀπεναντίον</em></span> <span class='ocrx_word' id='word_1_101' title='bbox 1231 1019 1297 1088; x_wconf 78' lang='grc' dir='ltr'><em>τῇ</em></span> <span class='ocrx_word' id='word_1_102' title='bbox 1339 1013 1449 1072; x_wconf 83' lang='grc' dir='ltr'><em>ὑπὸ</em></span> <span class='ocrx_word' id='word_1_103' title='bbox 1498 1021 1686 1072; x_wconf 91' lang='grc' dir='ltr'><em>ΕΓΒ·</em></span> <span class='ocrx_word' id='word_1_104' title='bbox 1750 1014 1915 1089; x_wconf 83' lang='grc' dir='ltr'><em>λοιπὴ</em></span> 
     </span>
     <span class='ocr_line' id='line_1_16' title="bbox 220 1099 1915 1177; baseline 0.001 -19"><span class='ocrx_word' id='word_1_105' title='bbox 220 1100 330 1175; x_wconf 74' lang='grc' dir='ltr'><em>ἄρα</em></span> <span class='ocrx_word' id='word_1_106' title='bbox 383 1100 418 1174; x_wconf 84' lang='grc' dir='ltr'><em>ἡ</em></span> <span class='ocrx_word' id='word_1_107' title='bbox 465 1099 576 1158; x_wconf 80' lang='grc' dir='ltr'><em>ὑπὸ</em></span> <span class='ocrx_word' id='word_1_108' title='bbox 618 1108 788 1157; x_wconf 89' lang='grc' dir='ltr'><em>ΒΖΔ</em></span> <span class='ocrx_word' id='word_1_109' title='bbox 833 1100 1056 1174; x_wconf 78' lang='grc' dir='ltr'><em>ἡμίσειά</em></span> <span class='ocrx_word' id='word_1_110' title='bbox 1106 1105 1257 1160; x_wconf 82' lang='grc' dir='ltr'><em>ἐστιν</em></span> <span class='ocrx_word' id='word_1_111' title='bbox 1304 1103 1511 1176; x_wconf 83' lang='grc' dir='ltr'><strong><em>ὀρθῆς·</em></strong></span> <span class='ocrx_word' id='word_1_112' title='bbox 1584 1113 1675 1176; x_wconf 91' lang='grc' dir='ltr'><em>ἴση</em></span> <span class='ocrx_word' id='word_1_113' title='bbox 1726 1104 1836 1176; x_wconf 75' lang='grc' dir='ltr'><em>ἄρα</em></span> <span class='ocrx_word' id='word_1_114' title='bbox 1880 1103 1915 1177; x_wconf 86' lang='grc' dir='ltr'><em>ἡ</em></span> 
     </span>
     <span class='ocr_line' id='line_1_17' title="bbox 218 1189 1914 1267; baseline 0.002 -22"><span class='ocrx_word' id='word_1_115' title='bbox 218 1189 357 1262; x_wconf 80' lang='grc' dir='ltr'><strong><em>πρὸς</em></strong></span> <span class='ocrx_word' id='word_1_116' title='bbox 394 1194 470 1267; x_wconf 78' lang='grc' dir='ltr'><em>τῷ</em></span> <span class='ocrx_word' id='word_1_117' title='bbox 510 1197 558 1246; x_wconf 93' lang='grc' dir='ltr'><em>Β</em></span> <span class='ocrx_word' id='word_1_118' title='bbox 597 1195 775 1262; x_wconf 80' lang='grc' dir='ltr'><em>γωνία</em></span> <span class='ocrx_word' id='word_1_119' title='bbox 813 1194 879 1263; x_wconf 82' lang='grc' dir='ltr'><em>τῆ</em></span> <span class='ocrx_word' id='word_1_120' title='bbox 918 1189 1027 1248; x_wconf 83' lang='grc' dir='ltr'><em>ὑπὸ</em></span> <span class='ocrx_word' id='word_1_121' title='bbox 1069 1199 1264 1257; x_wconf 76' lang='grc' dir='ltr'><em>ΔΖΒ·</em></span> <span class='ocrx_word' id='word_1_122' title='bbox 1318 1192 1458 1250; x_wconf 74' lang='grc' dir='ltr'><em>ὥστε</em></span> <span class='ocrx_word' id='word_1_123' title='bbox 1495 1194 1588 1249; x_wconf 84' lang='grc' dir='ltr'><em>καὶ</em></span> <span class='ocrx_word' id='word_1_124' title='bbox 1628 1193 1839 1267; x_wconf 81' lang='grc' dir='ltr'><strong><em>πλευρὰ</em></strong></span> <span class='ocrx_word' id='word_1_125' title='bbox 1879 1191 1914 1266; x_wconf 85' lang='grc' dir='ltr'><em>ἡ</em></span> 
     </span>
     <span class='ocr_line' id='line_1_18' title="bbox 220 1279 1913 1355; baseline 0.002 -21"><span class='ocrx_word' id='word_1_126' title='bbox 220 1285 331 1334; x_wconf 92' lang='grc' dir='ltr'><em>ΖΔ</em></span> <span class='ocrx_word' id='word_1_127' title='bbox 376 1283 587 1351; x_wconf 81' lang='grc' dir='ltr'><strong><em>πλευρᾷ</em></strong></span> <span class='ocrx_word' id='word_1_128' title='bbox 633 1283 699 1353; x_wconf 83' lang='grc' dir='ltr'><em>τῇ</em></span> <span class='ocrx_word' id='word_1_129' title='bbox 740 1287 852 1336; x_wconf 91' lang='grc' dir='ltr'><em>ΔΒ</em></span> <span class='ocrx_word' id='word_1_130' title='bbox 894 1283 1044 1336; x_wconf 86' lang='grc' dir='ltr'><em>ἐστιν</em></span> <span class='ocrx_word' id='word_1_131' title='bbox 1085 1289 1191 1353; x_wconf 89' lang='grc' dir='ltr'><em>ἴση.</em></span> <span class='ocrx_word' id='word_1_132' title='bbox 1267 1281 1359 1336; x_wconf 85' lang='grc' dir='ltr'><em>καὶ</em></span> <span class='ocrx_word' id='word_1_133' title='bbox 1401 1283 1515 1338; x_wconf 82' lang='grc' dir='ltr'><strong><em>ἐπεὶ</em></strong></span> <span class='ocrx_word' id='word_1_134' title='bbox 1556 1290 1647 1353; x_wconf 88' lang='grc' dir='ltr'><em>ἴση</em></span> <span class='ocrx_word' id='word_1_135' title='bbox 1689 1283 1839 1338; x_wconf 82' lang='grc' dir='ltr'><em>ἐστὶν</em></span> <span class='ocrx_word' id='word_1_136' title='bbox 1879 1279 1913 1355; x_wconf 83' lang='grc' dir='ltr'><em>ἡ</em></span> 
     </span>
     <span class='ocr_line' id='line_1_19' title="bbox 220 1368 1911 1447; baseline 0.003 -25"><span class='ocrx_word' id='word_1_137' title='bbox 220 1372 335 1423; x_wconf 91' lang='grc' dir='ltr'><em>ΑΓ</em></span> <span class='ocrx_word' id='word_1_138' title='bbox 366 1371 432 1440; x_wconf 78' lang='grc' dir='ltr'><em>τῇ</em></span> <span class='ocrx_word' id='word_1_139' title='bbox 473 1373 602 1437; x_wconf 93' lang='grc' dir='ltr'><em>ΓΕ,</em></span> <span class='ocrx_word' id='word_1_140' title='bbox 658 1376 783 1424; x_wconf 89' lang='grc' dir='ltr'><em>ἴσον</em></span> <span class='ocrx_word' id='word_1_141' title='bbox 835 1369 949 1425; x_wconf 81' lang='grc' dir='ltr'><em>ἐστὶ</em></span> <span class='ocrx_word' id='word_1_142' title='bbox 987 1370 1080 1424; x_wconf 81' lang='grc' dir='ltr'><em>καὶ</em></span> <span class='ocrx_word' id='word_1_143' title='bbox 1119 1368 1181 1426; x_wconf 85' lang='grc' dir='ltr'><em>τὸ</em></span> <span class='ocrx_word' id='word_1_144' title='bbox 1222 1368 1329 1426; x_wconf 82' lang='grc' dir='ltr'><em>ἀπὸ</em></span> <span class='ocrx_word' id='word_1_145' title='bbox 1370 1375 1484 1425; x_wconf 90' lang='grc' dir='ltr'><em>ΑΓ</em></span> <span class='ocrx_word' id='word_1_146' title='bbox 1515 1374 1591 1447; x_wconf 75' lang='grc' dir='ltr'><em>τῷ</em></span> <span class='ocrx_word' id='word_1_147' title='bbox 1631 1368 1740 1426; x_wconf 76' lang='grc' dir='ltr'><em>ἀπὸ</em></span> <span class='ocrx_word' id='word_1_148' title='bbox 1780 1376 1911 1427; x_wconf 91' lang='grc' dir='ltr'><em>ΓΕ·</em></span> 
     </span>
     <span class='ocr_line' id='line_1_20' title="bbox 217 1455 1915 1531; baseline 0.001 -18"><span class='ocrx_word' id='word_1_149' title='bbox 217 1455 284 1514; x_wconf 79' lang='grc' dir='ltr'><em>τὰ</em></span> <span class='ocrx_word' id='word_1_150' title='bbox 333 1455 444 1529; x_wconf 77' lang='grc' dir='ltr'><em>ἄρα</em></span> <span class='ocrx_word' id='word_1_151' title='bbox 492 1455 600 1512; x_wconf 83' lang='grc' dir='ltr'><em>ἀπὸ</em></span> <span class='ocrx_word' id='word_1_152' title='bbox 649 1460 763 1512; x_wconf 77' lang='grc' dir='ltr'><em>τῶν</em></span> <span class='ocrx_word' id='word_1_153' title='bbox 803 1463 936 1528; x_wconf 90' lang='grc' dir='ltr'><em>ΑΓ,</em></span> <span class='ocrx_word' id='word_1_154' title='bbox 985 1463 1092 1513; x_wconf 90' lang='grc' dir='ltr'><em>ΓΕ</em></span> <span class='ocrx_word' id='word_1_155' title='bbox 1136 1458 1456 1531; x_wconf 78' lang='grc' dir='ltr'><em>τετράγωνα</em></span> <span class='ocrx_word' id='word_1_156' title='bbox 1497 1459 1760 1529; x_wconf 68' lang='grc' dir='ltr'><em>διπλάσιά</em></span> <span class='ocrx_word' id='word_1_157' title='bbox 1801 1461 1915 1516; x_wconf 84' lang='grc' dir='ltr'><em>ἐστι</em></span> 
     </span>
     <span class='ocr_line' id='line_1_21' title="bbox 217 1543 1915 1619; baseline 0.002 -18"><span class='ocrx_word' id='word_1_158' title='bbox 217 1549 320 1601; x_wconf 86' lang='grc' dir='ltr'><em>τοῦ</em></span> <span class='ocrx_word' id='word_1_159' title='bbox 367 1543 476 1601; x_wconf 77' lang='grc' dir='ltr'><em>ἀπὸ</em></span> <span class='ocrx_word' id='word_1_160' title='bbox 519 1550 639 1600; x_wconf 92' lang='grc' dir='ltr'><em>ΑΓ.</em></span> <span class='ocrx_word' id='word_1_161' title='bbox 715 1556 832 1611; x_wconf 81' lang='grc' dir='ltr'><em>τοῖς</em></span> <span class='ocrx_word' id='word_1_162' title='bbox 880 1546 941 1602; x_wconf 75' lang='grc' dir='ltr'><em>δὲ</em></span> <span class='ocrx_word' id='word_1_163' title='bbox 988 1545 1096 1603; x_wconf 78' lang='grc' dir='ltr'><em>ἀπὸ</em></span> <span class='ocrx_word' id='word_1_164' title='bbox 1143 1551 1258 1604; x_wconf 76' lang='grc' dir='ltr'><em>τῶν</em></span> <span class='ocrx_word' id='word_1_165' title='bbox 1296 1553 1428 1619; x_wconf 91' lang='grc' dir='ltr'><em>ΑΓ,</em></span> <span class='ocrx_word' id='word_1_166' title='bbox 1484 1553 1591 1604; x_wconf 93' lang='grc' dir='ltr'><em>ΓΕ</em></span> <span class='ocrx_word' id='word_1_167' title='bbox 1635 1556 1761 1605; x_wconf 90' lang='grc' dir='ltr'><em>ἴσον</em></span> <span class='ocrx_word' id='word_1_168' title='bbox 1801 1548 1915 1605; x_wconf 84' lang='grc' dir='ltr'><em>ἐστὶ</em></span> 
     </span>
     <span class='ocr_line' id='line_1_22' title="bbox 217 1632 1919 1710; baseline 0.002 -21"><span class='ocrx_word' id='word_1_169' title='bbox 217 1632 280 1690; x_wconf 89' lang='grc' dir='ltr'><strong><em>τό</em></strong></span> <span class='ocrx_word' id='word_1_170' title='bbox 321 1632 431 1690; x_wconf 77' lang='grc' dir='ltr'><em>ἀπὸ</em></span> <span class='ocrx_word' id='word_1_171' title='bbox 469 1637 566 1706; x_wconf 87' lang='grc' dir='ltr'><em>τῆς</em></span> <span class='ocrx_word' id='word_1_172' title='bbox 606 1641 716 1689; x_wconf 91' lang='grc' dir='ltr'><em>ΕΑ</em></span> <span class='ocrx_word' id='word_1_173' title='bbox 753 1634 1134 1707; x_wconf 77' lang='grc' dir='ltr'><em>τετράγωνον·</em></span> <span class='ocrx_word' id='word_1_174' title='bbox 1191 1634 1339 1709; x_wconf 84' lang='grc' dir='ltr'><strong><em>ὀρθὴ</em></strong></span> <span class='ocrx_word' id='word_1_175' title='bbox 1379 1635 1485 1710; x_wconf 82' lang='grc' dir='ltr'><em>γὰρ</em></span> <span class='ocrx_word' id='word_1_176' title='bbox 1525 1635 1559 1708; x_wconf 86' lang='grc' dir='ltr'><em>ἡ</em></span> <span class='ocrx_word' id='word_1_177' title='bbox 1600 1634 1708 1693; x_wconf 85' lang='grc' dir='ltr'><em>ὑπὸ</em></span> <span class='ocrx_word' id='word_1_178' title='bbox 1749 1642 1919 1693; x_wconf 93' lang='grc' dir='ltr'><em>ΑΓΕ</em></span> 
     </span>
     <span class='ocr_line' id='line_1_23' title="bbox 217 1722 1911 1796; baseline 0.002 -18"><span class='ocrx_word' id='word_1_179' title='bbox 217 1728 425 1794; x_wconf 89' lang='grc' dir='ltr'><em>γωνία·</em></span> <span class='ocrx_word' id='word_1_180' title='bbox 488 1722 549 1779; x_wconf 85' lang='grc' dir='ltr'><em>τὸ</em></span> <span class='ocrx_word' id='word_1_181' title='bbox 591 1722 700 1795; x_wconf 78' lang='grc' dir='ltr'><em>ἄρα</em></span> <span class='ocrx_word' id='word_1_182' title='bbox 740 1722 848 1780; x_wconf 80' lang='grc' dir='ltr'><em>ἀπὸ</em></span> <span class='ocrx_word' id='word_1_183' title='bbox 889 1727 986 1796; x_wconf 84' lang='grc' dir='ltr'><em>τῆς</em></span> <span class='ocrx_word' id='word_1_184' title='bbox 1025 1731 1135 1780; x_wconf 91' lang='grc' dir='ltr'><em>ΕΑ</em></span> <span class='ocrx_word' id='word_1_185' title='bbox 1173 1724 1471 1782; x_wconf 80' lang='grc' dir='ltr'><em>διπλάσιόν</em></span> <span class='ocrx_word' id='word_1_186' title='bbox 1511 1728 1624 1782; x_wconf 83' lang='grc' dir='ltr'><em>ἐστι</em></span> <span class='ocrx_word' id='word_1_187' title='bbox 1662 1729 1763 1782; x_wconf 85' lang='grc' dir='ltr'><em>τοῦ</em></span> <span class='ocrx_word' id='word_1_188' title='bbox 1804 1724 1911 1783; x_wconf 79' lang='grc' dir='ltr'><em>ἀπὸ</em></span> 
     </span>
     <span class='ocr_line' id='line_1_24' title="bbox 216 1811 1912 1887; baseline 0.004 -21"><span class='ocrx_word' id='word_1_189' title='bbox 216 1815 314 1882; x_wconf 85' lang='grc' dir='ltr'><em>τῆς</em></span> <span class='ocrx_word' id='word_1_190' title='bbox 352 1817 473 1868; x_wconf 91' lang='grc' dir='ltr'><em>ΑΓ.</em></span> <span class='ocrx_word' id='word_1_191' title='bbox 549 1811 746 1884; x_wconf 80' lang='grc' dir='ltr'><em>πάλιν,</em></span> <span class='ocrx_word' id='word_1_192' title='bbox 800 1813 916 1869; x_wconf 81' lang='grc' dir='ltr'><em>ἐπεὶ</em></span> <span class='ocrx_word' id='word_1_193' title='bbox 957 1821 1048 1885; x_wconf 90' lang='grc' dir='ltr'><em>ἴση</em></span> <span class='ocrx_word' id='word_1_194' title='bbox 1090 1815 1242 1871; x_wconf 79' lang='grc' dir='ltr'><em>ἐστὶν</em></span> <span class='ocrx_word' id='word_1_195' title='bbox 1280 1812 1314 1885; x_wconf 84' lang='grc' dir='ltr'><em>ἡ</em></span> <span class='ocrx_word' id='word_1_196' title='bbox 1355 1820 1471 1870; x_wconf 89' lang='grc' dir='ltr'><em>ΕΗ</em></span> <span class='ocrx_word' id='word_1_197' title='bbox 1507 1819 1573 1887; x_wconf 81' lang='grc' dir='ltr'><em>τῇ</em></span> <span class='ocrx_word' id='word_1_198' title='bbox 1614 1821 1743 1886; x_wconf 86' lang='grc' dir='ltr'><em>ΗΖ,</em></span> <span class='ocrx_word' id='word_1_199' title='bbox 1786 1823 1912 1872; x_wconf 90' lang='grc' dir='ltr'><em>ἴσον</em></span> 
     </span>
     <span class='ocr_line' id='line_1_25' title="bbox 216 1894 1910 1979; baseline 0.004 -24"><span class='ocrx_word' id='word_1_200' title='bbox 216 1901 307 1956; x_wconf 86' lang='grc' dir='ltr'><em>καὶ</em></span> <span class='ocrx_word' id='word_1_201' title='bbox 354 1899 416 1957; x_wconf 90' lang='grc' dir='ltr'><em>τὸ</em></span> <span class='ocrx_word' id='word_1_202' title='bbox 466 1899 575 1957; x_wconf 80' lang='grc' dir='ltr'><em>ἀπὸ</em></span> <span class='ocrx_word' id='word_1_203' title='bbox 622 1905 719 1973; x_wconf 85' lang='grc' dir='ltr'><em>τῆς</em></span> <span class='ocrx_word' id='word_1_204' title='bbox 766 1908 882 1958; x_wconf 91' lang='grc' dir='ltr'><em>ΕΗ</em></span> <span class='ocrx_word' id='word_1_205' title='bbox 918 1906 994 1979; x_wconf 80' lang='grc' dir='ltr'><em>τῷ</em></span> <span class='ocrx_word' id='word_1_206' title='bbox 1042 1900 1152 1959; x_wconf 76' lang='grc' dir='ltr'><em>ἀπὸ</em></span> <span class='ocrx_word' id='word_1_207' title='bbox 1201 1906 1296 1975; x_wconf 86' lang='grc' dir='ltr'><em>τῆς</em></span> <span class='ocrx_word' id='word_1_208' title='bbox 1334 1909 1475 1958; x_wconf 87' lang='grc' dir='ltr'><em>ΗΖ·</em></span> <span class='ocrx_word' id='word_1_209' title='bbox 1545 1894 1611 1959; x_wconf 77' lang='grc' dir='ltr'><em>τὰ</em></span> <span class='ocrx_word' id='word_1_210' title='bbox 1652 1902 1761 1975; x_wconf 78' lang='grc' dir='ltr'><em>ἄρα</em></span> <span class='ocrx_word' id='word_1_211' title='bbox 1801 1901 1910 1962; x_wconf 79' lang='grc' dir='ltr'><em>ἀπὸ</em></span> 
     </span>
     <span class='ocr_line' id='line_1_26' title="bbox 214 1989 1912 2065; baseline 0.002 -20"><span class='ocrx_word' id='word_1_212' title='bbox 214 1992 327 2045; x_wconf 76' lang='grc' dir='ltr'><em>τῶν</em></span> <span class='ocrx_word' id='word_1_213' title='bbox 368 1995 500 2059; x_wconf 88' lang='grc' dir='ltr'><em>ΕΗ,</em></span> <span class='ocrx_word' id='word_1_214' title='bbox 552 1993 671 2045; x_wconf 92' lang='grc' dir='ltr'><em>ΗΖ</em></span> <span class='ocrx_word' id='word_1_215' title='bbox 702 1989 1023 2061; x_wconf 81' lang='grc' dir='ltr'><em>τετράγωνα</em></span> <span class='ocrx_word' id='word_1_216' title='bbox 1064 1990 1329 2046; x_wconf 80' lang='grc' dir='ltr'><em>διπλάσιά</em></span> <span class='ocrx_word' id='word_1_217' title='bbox 1372 1994 1485 2048; x_wconf 82' lang='grc' dir='ltr'><em>ἐστι</em></span> <span class='ocrx_word' id='word_1_218' title='bbox 1524 1996 1626 2048; x_wconf 85' lang='grc' dir='ltr'><em>τοῦ</em></span> <span class='ocrx_word' id='word_1_219' title='bbox 1665 1990 1773 2049; x_wconf 78' lang='grc' dir='ltr'><em>ἀπὸ</em></span> <span class='ocrx_word' id='word_1_220' title='bbox 1814 1997 1912 2065; x_wconf 88' lang='grc' dir='ltr'><em>τῆς</em></span> 
     </span>
     <span class='ocr_line' id='line_1_27' title="bbox 214 2077 1911 2154; baseline 0.002 -20"><span class='ocrx_word' id='word_1_221' title='bbox 214 2083 327 2134; x_wconf 93' lang='grc' dir='ltr'><em>ΗΖ</em></span> <span class='ocrx_word' id='word_1_222' title='bbox 377 2077 741 2151; x_wconf 76' lang='grc' dir='ltr'><em>τετραγώνου.</em></span> <span class='ocrx_word' id='word_1_223' title='bbox 819 2089 934 2145; x_wconf 80' lang='grc' dir='ltr'><em>τοῖς</em></span> <span class='ocrx_word' id='word_1_224' title='bbox 974 2079 1036 2135; x_wconf 70' lang='grc' dir='ltr'><em>δὲ</em></span> <span class='ocrx_word' id='word_1_225' title='bbox 1075 2078 1183 2136; x_wconf 78' lang='grc' dir='ltr'><em>ἀπὸ</em></span> <span class='ocrx_word' id='word_1_226' title='bbox 1225 2084 1338 2136; x_wconf 77' lang='grc' dir='ltr'><em>τῶν</em></span> <span class='ocrx_word' id='word_1_227' title='bbox 1379 2087 1518 2151; x_wconf 89' lang='grc' dir='ltr'><em>ΕΗ,</em></span> <span class='ocrx_word' id='word_1_228' title='bbox 1573 2087 1686 2136; x_wconf 90' lang='grc' dir='ltr'><em>ΗΖ</em></span> <span class='ocrx_word' id='word_1_229' title='bbox 1724 2102 1911 2154; x_wconf 85' lang='grc' dir='ltr'><em>τετρα-</em></span> 
     </span>
     <span class='ocr_line' id='line_1_28' title="bbox 214 2165 1911 2243; baseline 0.002 -20"><span class='ocrx_word' id='word_1_230' title='bbox 214 2166 419 2237; x_wconf 78' lang='grc' dir='ltr'><em>γώνοις</em></span> <span class='ocrx_word' id='word_1_231' title='bbox 458 2174 584 2222; x_wconf 91' lang='grc' dir='ltr'><em>ἴσον</em></span> <span class='ocrx_word' id='word_1_232' title='bbox 626 2167 738 2223; x_wconf 81' lang='grc' dir='ltr'><em>ἐστὶ</em></span> <span class='ocrx_word' id='word_1_233' title='bbox 776 2165 840 2224; x_wconf 87' lang='grc' dir='ltr'><em>τὸ</em></span> <span class='ocrx_word' id='word_1_234' title='bbox 877 2166 985 2224; x_wconf 82' lang='grc' dir='ltr'><em>ἀπὸ</em></span> <span class='ocrx_word' id='word_1_235' title='bbox 1019 2172 1117 2240; x_wconf 83' lang='grc' dir='ltr'><em>τῆς</em></span> <span class='ocrx_word' id='word_1_236' title='bbox 1148 2174 1253 2223; x_wconf 95' lang='grc' dir='ltr'><em>ΕΖ</em></span> <span class='ocrx_word' id='word_1_237' title='bbox 1284 2169 1664 2242; x_wconf 80' lang='grc' dir='ltr'><em>τετράγωνον·</em></span> <span class='ocrx_word' id='word_1_238' title='bbox 1703 2169 1766 2227; x_wconf 84' lang='grc' dir='ltr'><em>τὸ</em></span> <span class='ocrx_word' id='word_1_239' title='bbox 1800 2169 1911 2243; x_wconf 72' lang='grc' dir='ltr'><em>ἄρα</em></span> 
     </span>
     <span class='ocr_line' id='line_1_29' title="bbox 216 2254 1910 2331; baseline 0.003 -21"><span class='ocrx_word' id='word_1_240' title='bbox 216 2254 324 2311; x_wconf 80' lang='grc' dir='ltr'><em>ἀπὸ</em></span> <span class='ocrx_word' id='word_1_241' title='bbox 363 2259 461 2328; x_wconf 85' lang='grc' dir='ltr'><em>τῆς</em></span> <span class='ocrx_word' id='word_1_242' title='bbox 499 2262 602 2311; x_wconf 92' lang='grc' dir='ltr'><em>ΕΖ</em></span> <span class='ocrx_word' id='word_1_243' title='bbox 641 2256 992 2329; x_wconf 80' lang='grc' dir='ltr'><em>τετράγωνον</em></span> <span class='ocrx_word' id='word_1_244' title='bbox 1033 2258 1332 2314; x_wconf 77' lang='grc' dir='ltr'><em>διπλάσιόν</em></span> <span class='ocrx_word' id='word_1_245' title='bbox 1373 2260 1487 2314; x_wconf 83' lang='grc' dir='ltr'><em>ἐστι</em></span> <span class='ocrx_word' id='word_1_246' title='bbox 1525 2262 1626 2315; x_wconf 85' lang='grc' dir='ltr'><em>τοῦ</em></span> <span class='ocrx_word' id='word_1_247' title='bbox 1665 2257 1775 2315; x_wconf 77' lang='grc' dir='ltr'><em>ἀπὸ</em></span> <span class='ocrx_word' id='word_1_248' title='bbox 1815 2263 1910 2331; x_wconf 85' lang='grc' dir='ltr'><em>τῆς</em></span> 
     </span>
     <span class='ocr_line' id='line_1_30' title="bbox 215 2342 1910 2419; baseline 0.003 -20"><span class='ocrx_word' id='word_1_249' title='bbox 215 2349 342 2399; x_wconf 91' lang='grc' dir='ltr'><em>ΗΖ.</em></span> <span class='ocrx_word' id='word_1_250' title='bbox 408 2351 499 2416; x_wconf 88' lang='grc' dir='ltr'><em>ἴση</em></span> <span class='ocrx_word' id='word_1_251' title='bbox 541 2344 603 2400; x_wconf 74' lang='grc' dir='ltr'><em>δὲ</em></span> <span class='ocrx_word' id='word_1_252' title='bbox 641 2342 675 2417; x_wconf 81' lang='grc' dir='ltr'>ἡ</span> <span class='ocrx_word' id='word_1_253' title='bbox 718 2350 830 2399; x_wconf 93' lang='grc' dir='ltr'><em>ΗΖ</em></span> <span class='ocrx_word' id='word_1_254' title='bbox 876 2349 941 2418; x_wconf 83' lang='grc' dir='ltr'><em>τῇ</em></span> <span class='ocrx_word' id='word_1_255' title='bbox 982 2351 1115 2401; x_wconf 89' lang='grc' dir='ltr'><em>ΓΛ·</em></span> <span class='ocrx_word' id='word_1_256' title='bbox 1153 2345 1216 2402; x_wconf 90' lang='grc' dir='ltr'><em>τὸ</em></span> <span class='ocrx_word' id='word_1_257' title='bbox 1258 2345 1369 2419; x_wconf 74' lang='grc' dir='ltr'><em>ἄρα</em></span> <span class='ocrx_word' id='word_1_258' title='bbox 1407 2344 1515 2403; x_wconf 79' lang='grc' dir='ltr'><em>ἀπὸ</em></span> <span class='ocrx_word' id='word_1_259' title='bbox 1549 2350 1646 2419; x_wconf 86' lang='grc' dir='ltr'><em>τῆς</em></span> <span class='ocrx_word' id='word_1_260' title='bbox 1685 2354 1788 2403; x_wconf 94' lang='grc' dir='ltr'><em>ΕΖ</em></span> <span class='ocrx_word' id='word_1_261' title='bbox 1829 2352 1910 2404; x_wconf 78' lang='grc' dir='ltr'><em>δι-</em></span> 
     </span>
     <span class='ocr_line' id='line_1_31' title="bbox 215 2431 1907 2505; baseline 0.004 -18"><span class='ocrx_word' id='word_1_262' title='bbox 215 2432 455 2489; x_wconf 76' lang='grc' dir='ltr'><em>πλάσιόν</em></span> <span class='ocrx_word' id='word_1_263' title='bbox 503 2435 616 2490; x_wconf 85' lang='grc' dir='ltr'><em>ἐστι</em></span> <span class='ocrx_word' id='word_1_264' title='bbox 663 2437 766 2490; x_wconf 79' lang='grc' dir='ltr'><em>τοῦ</em></span> <span class='ocrx_word' id='word_1_265' title='bbox 812 2431 921 2489; x_wconf 80' lang='grc' dir='ltr'><em>ἀπὸ</em></span> <span class='ocrx_word' id='word_1_266' title='bbox 970 2437 1067 2505; x_wconf 85' lang='grc' dir='ltr'><em>τῆς</em></span> <span class='ocrx_word' id='word_1_267' title='bbox 1113 2439 1229 2490; x_wconf 92' lang='grc' dir='ltr'><em>ΓΔ.</em></span> <span class='ocrx_word' id='word_1_268' title='bbox 1307 2439 1420 2490; x_wconf 81' lang='grc' dir='ltr'><em>ἔστι</em></span> <span class='ocrx_word' id='word_1_269' title='bbox 1465 2435 1527 2491; x_wconf 75' lang='grc' dir='ltr'><em>δὲ</em></span> <span class='ocrx_word' id='word_1_270' title='bbox 1564 2436 1656 2490; x_wconf 83' lang='grc' dir='ltr'><em>καὶ</em></span> <span class='ocrx_word' id='word_1_271' title='bbox 1695 2434 1758 2492; x_wconf 88' lang='grc' dir='ltr'><em>τὸ</em></span> <span class='ocrx_word' id='word_1_272' title='bbox 1798 2434 1907 2493; x_wconf 80' lang='grc' dir='ltr'><em>ἀπὸ</em></span> 
     </span>
    </p>
   </div>
   <div class='ocr_carea' id='block_1_11' title="bbox 208 2502 1907 2597">
    <p class='ocr_par' dir='ltr' id='par_1_11' title="bbox 208 2502 1907 2597">
     <span class='ocr_line' id='line_1_32' title="bbox 208 2502 1907 2597; baseline 0.003 -21"><span class='ocrx_word' id='word_1_273' title='bbox 208 2502 312 2592; x_wconf 34' lang='grc' dir='ltr'><em>’τῆς</em></span> <span class='ocrx_word' id='word_1_274' title='bbox 350 2527 462 2577; x_wconf 93' lang='grc' dir='ltr'><em>ΕΑ</em></span> <span class='ocrx_word' id='word_1_275' title='bbox 508 2521 806 2578; x_wconf 79' lang='grc' dir='ltr'><em>διπλάσιον</em></span> <span class='ocrx_word' id='word_1_276' title='bbox 851 2525 953 2578; x_wconf 85' lang='grc' dir='ltr'><em>τοῦ</em></span> <span class='ocrx_word' id='word_1_277' title='bbox 1002 2521 1111 2579; x_wconf 76' lang='grc' dir='ltr'><em>ἀπὸ</em></span> <span class='ocrx_word' id='word_1_278' title='bbox 1162 2527 1260 2595; x_wconf 88' lang='grc' dir='ltr'><em>τῆς</em></span> <span class='ocrx_word' id='word_1_279' title='bbox 1305 2529 1444 2580; x_wconf 88' lang='grc' dir='ltr'><em>ΑΓ·</em></span> <span class='ocrx_word' id='word_1_280' title='bbox 1512 2523 1580 2579; x_wconf 82' lang='grc' dir='ltr'><em>τὰ</em></span> <span class='ocrx_word' id='word_1_281' title='bbox 1635 2523 1745 2597; x_wconf 77' lang='grc' dir='ltr'><em>ἄρα</em></span> <span class='ocrx_word' id='word_1_282' title='bbox 1798 2522 1907 2581; x_wconf 79' lang='grc' dir='ltr'><em>ἀπὸ</em></span> 
     </span>
    </p>
   </div>
   <div class='ocr_carea' id='block_1_12' title="bbox 214 2609 1907 2682">
    <p class='ocr_par' dir='ltr' id='par_1_12' title="bbox 214 2609 1907 2682">
     <span class='ocr_line' id='line_1_33' title="bbox 214 2609 1907 2682; baseline 0.003 -18"><span class='ocrx_word' id='word_1_283' title='bbox 214 2612 327 2665; x_wconf 74' lang='grc' dir='ltr'><em>τῶν</em></span> <span class='ocrx_word' id='word_1_284' title='bbox 366 2616 495 2681; x_wconf 89' lang='grc' dir='ltr'><em>ΛΕ,</em></span> <span class='ocrx_word' id='word_1_285' title='bbox 537 2616 641 2666; x_wconf 92' lang='grc' dir='ltr'><em>ΕΖ</em></span> <span class='ocrx_word' id='word_1_286' title='bbox 679 2609 1000 2682; x_wconf 79' lang='grc' dir='ltr'><em>τετράγωνα</em></span> <span class='ocrx_word' id='word_1_287' title='bbox 1033 2610 1298 2667; x_wconf 78' lang='grc' dir='ltr'><em>διπλάσιά</em></span> <span class='ocrx_word' id='word_1_288' title='bbox 1339 2614 1452 2668; x_wconf 81' lang='grc' dir='ltr'><em>ἐστι</em></span> <span class='ocrx_word' id='word_1_289' title='bbox 1491 2616 1605 2668; x_wconf 78' lang='grc' dir='ltr'><em>τῶν</em></span> <span class='ocrx_word' id='word_1_290' title='bbox 1645 2610 1753 2670; x_wconf 82' lang='grc' dir='ltr'><em>ἀπὸ</em></span> <span class='ocrx_word' id='word_1_291' title='bbox 1793 2617 1907 2670; x_wconf 80' lang='grc' dir='ltr'><em>τῶν</em></span> 
     </span>
    </p>
   </div>
   <div class='ocr_carea' id='block_1_13' title="bbox 213 2702 570 2710">
    <p class='ocr_par' dir='ltr' id='par_1_13' title="bbox 213 2702 570 2710">
     <span class='ocr_line' id='line_1_34' title="bbox 213 2702 570 2710; baseline 0 0"><span class='ocrx_word' id='word_1_292' title='bbox 213 2702 570 2710; x_wconf 95' lang='lat' dir='ltr'><em> </em></span> 
     </span>
    </p>
   </div>
   <div class='ocr_carea' id='block_1_14' title="bbox 213 2724 1914 2966">
    <p class='ocr_par' dir='ltr' id='par_1_14' title="bbox 213 2724 1914 2966">
     <span class='ocr_line' id='line_1_35' title="bbox 336 2724 1904 2788; baseline 0.004 -17"><span class='ocrx_word' id='word_1_293' title='bbox 336 2733 376 2772; x_wconf 92' lang='grc'><em>1.</em></span> <span class='ocrx_word' id='word_1_294' title='bbox 409 2725 488 2772; x_wconf 79' lang='grc' dir='ltr'><em>διὰ</em></span> <span class='ocrx_word' id='word_1_295' title='bbox 515 2726 572 2772; x_wconf 76' lang='grc' dir='ltr'><em>τά</em></span> <span class='ocrx_word' id='word_1_296' title='bbox 592 2755 644 2761; x_wconf 93' lang='lat'><em>—-</em></span> <span class='ocrx_word' id='word_1_297' title='bbox 666 2734 706 2774; x_wconf 83' lang='lat'><em>2.</em></span> <span class='ocrx_word' id='word_1_298' title='bbox 733 2724 904 2788; x_wconf 79' lang='grc' dir='ltr'><strong><em>ὀρθῆς]</em></strong></span> <span class='ocrx_word' id='word_1_299' title='bbox 937 2745 1030 2788; x_wconf 89' lang='lat' dir='ltr'><em>mg.</em></span> <span class='ocrx_word' id='word_1_300' title='bbox 1062 2731 1114 2775; x_wconf 90' lang='lat' dir='ltr'><em>in</em></span> <span class='ocrx_word' id='word_1_301' title='bbox 1144 2743 1230 2775; x_wconf 80' lang='lat' dir='ltr'><strong>ras.</strong></span> <span class='ocrx_word' id='word_1_302' title='bbox 1249 2730 1302 2773; x_wconf 93' lang='lat' dir='ltr'><em>V.</em></span> <span class='ocrx_word' id='word_1_303' title='bbox 1430 2736 1469 2774; x_wconf 91' lang='lat'><em>1.</em></span> <span class='ocrx_word' id='word_1_304' title='bbox 1500 2727 1616 2787; x_wconf 79' lang='grc' dir='ltr'>ὑπό]</span> <span class='ocrx_word' id='word_1_305' title='bbox 1642 2745 1782 2788; x_wconf 83' lang='lat' dir='ltr'>supra</span> <span class='ocrx_word' id='word_1_306' title='bbox 1805 2737 1904 2777; x_wconf 80' lang='lat' dir='ltr'><em>m.2</em></span> 
     </span>
     <span class='ocr_line' id='line_1_36' title="bbox 213 2786 1905 2847; baseline 0.002 -16"><span class='ocrx_word' id='word_1_307' title='bbox 213 2787 264 2831; x_wconf 83' lang='lat' dir='ltr'><em>F.</em></span> <span class='ocrx_word' id='word_1_308' title='bbox 350 2789 502 2846; x_wconf 86' lang='grc' dir='ltr'><em>ΕΒΓ,</em></span> <span class='ocrx_word' id='word_1_309' title='bbox 538 2791 672 2832; x_wconf 90' lang='grc' dir='ltr'><em>ΓΕΒ</em></span> <span class='ocrx_word' id='word_1_310' title='bbox 703 2804 746 2846; x_wconf 88' lang='lat' dir='ltr'><em>p.</em></span> <span class='ocrx_word' id='word_1_311' title='bbox 833 2794 875 2834; x_wconf 82' lang='lat'><em>4.</em></span> <span class='ocrx_word' id='word_1_312' title='bbox 903 2786 1028 2834; x_wconf 80' lang='grc' dir='ltr'><em>ἔστιν</em></span> <span class='ocrx_word' id='word_1_313' title='bbox 1051 2789 1111 2844; x_wconf 83' lang='grc' dir='ltr'><em>Ρ;</em></span> <span class='ocrx_word' id='word_1_314' title='bbox 1144 2803 1293 2847; x_wconf 85' lang='lat' dir='ltr'><strong>comp.</strong></span> <span class='ocrx_word' id='word_1_315' title='bbox 1320 2803 1460 2847; x_wconf 82' lang='lat' dir='ltr'>supra</span> <span class='ocrx_word' id='word_1_316' title='bbox 1479 2791 1531 2835; x_wconf 89' lang='lat' dir='ltr'><em>V.</em></span> <span class='ocrx_word' id='word_1_317' title='bbox 1626 2794 1666 2836; x_wconf 84' lang='lat'><em>5.</em></span> <span class='ocrx_word' id='word_1_318' title='bbox 1700 2787 1905 2835; x_wconf 74' lang='grc' dir='ltr'><em>ἀπεναν-</em></span> 
     </span>
     <span class='ocr_line' id='line_1_37' title="bbox 213 2844 1903 2911; baseline 0.003 -22"><span class='ocrx_word' id='word_1_319' title='bbox 213 2847 316 2896; x_wconf 82' lang='grc' dir='ltr'><em>τίας</em></span> <span class='ocrx_word' id='word_1_320' title='bbox 345 2861 391 2904; x_wconf 85' lang='lat' dir='ltr'><em>p.</em></span> <span class='ocrx_word' id='word_1_321' title='bbox 516 2853 554 2893; x_wconf 85' lang='lat'><em>6.</em></span> <span class='ocrx_word' id='word_1_322' title='bbox 590 2844 738 2907; x_wconf 78' lang='grc' dir='ltr'><em>ἐστίν]</em></span> <span class='ocrx_word' id='word_1_323' title='bbox 773 2862 862 2893; x_wconf 89' lang='lat' dir='ltr'><em>om.</em></span> <span class='ocrx_word' id='word_1_324' title='bbox 895 2848 945 2892; x_wconf 89' lang='lat' dir='ltr'><em>P.</em></span> <span class='ocrx_word' id='word_1_325' title='bbox 1040 2854 1079 2894; x_wconf 79' lang='lat'><em>7.</em></span> <span class='ocrx_word' id='word_1_326' title='bbox 1114 2849 1238 2907; x_wconf 87' lang='grc' dir='ltr'><em>ΕΗ]</em></span> <span class='ocrx_word' id='word_1_327' title='bbox 1266 2851 1363 2892; x_wconf 91' lang='grc' dir='ltr'><em>ΗΕ</em></span> <span class='ocrx_word' id='word_1_328' title='bbox 1393 2865 1438 2906; x_wconf 88' lang='lat' dir='ltr'><em>p.</em></span> <span class='ocrx_word' id='word_1_329' title='bbox 1530 2849 1606 2908; x_wconf 84' lang='grc' dir='ltr'><em>τῇ]</em></span> <span class='ocrx_word' id='word_1_330' title='bbox 1640 2851 1817 2911; x_wconf 81' lang='grc' dir='ltr'><strong><em>πλευρᾷ</em></strong></span> <span class='ocrx_word' id='word_1_331' title='bbox 1847 2850 1903 2909; x_wconf 84' lang='grc' dir='ltr'><em>τῇ</em></span> 
     </span>
     <span class='ocr_line' id='line_1_38' title="bbox 216 2903 1914 2966; baseline 0.002 -17"><span class='ocrx_word' id='word_1_332' title='bbox 216 2903 318 2960; x_wconf 69' lang='lat' dir='ltr'><em>sz</em></span> <span class='ocrx_word' id='word_1_333' title='bbox 350 2905 530 2966; x_wconf 78' lang='grc' dir='ltr'><strong><em>πλεῦρᾳ</em></strong></span> <span class='ocrx_word' id='word_1_334' title='bbox 555 2906 662 2951; x_wconf 87' lang='lat' dir='ltr'>add.</span> <span class='ocrx_word' id='word_1_335' title='bbox 679 2921 773 2964; x_wconf 87' lang='lat' dir='ltr'><em>mg.</em></span> <span class='ocrx_word' id='word_1_336' title='bbox 791 2922 852 2952; x_wconf 91' lang='lat' dir='ltr'><em>m.</em></span> <span class='ocrx_word' id='word_1_337' title='bbox 872 2911 893 2951; x_wconf 92' lang='lat'><strong>1</strong></span> <span class='ocrx_word' id='word_1_338' title='bbox 914 2907 960 2951; x_wconf 81' lang='lat' dir='ltr'><em>F.</em></span> <span class='ocrx_word' id='word_1_339' title='bbox 1049 2912 1090 2953; x_wconf 84' lang='lat'><em>9.</em></span> <span class='ocrx_word' id='word_1_340' title='bbox 1107 2905 1250 2952; x_wconf 78' lang='grc' dir='ltr'><em>πάλιν</em></span> <span class='ocrx_word' id='word_1_341' title='bbox 1275 2905 1401 2966; x_wconf 75' lang='grc' dir='ltr'><em>ἐστι’]</em></span> <span class='ocrx_word' id='word_1_342' title='bbox 1429 2904 1525 2952; x_wconf 79' lang='grc' dir='ltr'><em>ἔστι</em></span> <span class='ocrx_word' id='word_1_343' title='bbox 1550 2906 1692 2953; x_wconf 74' lang='grc' dir='ltr'><em>πάλιν</em></span> <span class='ocrx_word' id='word_1_344' title='bbox 1716 2909 1775 2964; x_wconf 88' lang='grc' dir='ltr'><em>Ρ;</em></span> <span class='ocrx_word' id='word_1_345' title='bbox 1810 2905 1914 2954; x_wconf 76' lang='grc' dir='ltr'><em>ἐστί</em></span> 
     </span>
    </p>
   </div>
  </div>
 </body>
</html>
