1956 3074
81 1066 134 1105 10

168 140 239 194 56
579 132 587 141 ‘
800 141 1135 184 ΣΤΟΙΧΕῙΩΝ
1167 138 1232 185 α’.

264 257 445 313 ’Ἑστω
493 255 527 328 ἡ
575 257 677 330 μὲν
725 261 961 314 δοθεῖσα
1009 255 1204 314 εὐθεῖα
1253 256 1287 330 ἡ
1327 265 1462 331 ΑΒ,
1509 257 1571 315 τὸ
1620 260 1682 315 δὲ
1720 259 1860 332 πρὸς

168 344 307 419 αὐτῇ
357 357 588 417 σημεῖον
634 345 697 402 τὸ
738 354 815 416 Α,
863 344 896 418 ἡ
946 346 1008 402 δὲ
1048 351 1285 402 δοθεῖσα
1322 352 1499 419 γωνία
1539 346 1856 420 εὐθύγραμ-

167 458 268 506 μος
307 433 341 506 ἡ
381 432 490 490 ὑπὸ
530 439 717 490 ΔΓΕ·
767 438 855 490 δεῖ
892 434 961 506 δὴ
1001 434 1139 507 πρὸς
1176 439 1241 508 τῇ
1284 439 1516 509 δοθείσῃ
1558 435 1754 510 εὐθείᾳ
1791 440 1858 509 τῇ

167 530 276 579 AB
315 523 409 578 καὶ
447 527 522 599 τῷ
562 522 700 596 πρὸς
740 524 877 595 αὐτῇ
919 528 1126 598 σημείῳ
1165 527 1241 598 τῷ
1282 532 1335 578 A
1371 527 1436 596 τῇ
1478 527 1713 597 δοθείσῃ
1754 547 1861 595 γω-

166 617 263 686 νίᾳ
318 610 698 688 εὐθυγράμμῳ
753 615 818 684 τῇ
874 609 983 666 ὑπὸ
1026 618 1081 665 Δ
1090 616 1197 666 ΓΕ
1249 619 1376 682 ἴσην
1427 617 1639 682 γωνιάν
1688 612 1858 668 εὐθύ-

166 721 424 773 γραμμον
465 700 867 771 συστήσασθαι.

278 787 557 860 Εἰλήφθω
604 786 692 859 ἐφ’
738 788 996 861 ἑκατέρας
1033 790 1145 844 τῶν
1186 792 1238 842 Γ
1235 794 1306 858 Λ,
1347 793 1455 843 ΓΕ
1489 790 1725 860 τυχόντα
1765 807 1859 862 ση-

167 888 292 948 μεῖα
339 875 406 932 τὰ
448 883 527 947 Δ,
576 883 650 947 Ε,
700 877 789 931 καὶ
834 876 1144 948 ἐπεζεύχθω
1185 874 1219 946 ἡ
1263 882 1396 931 ΔΕ·
1457 877 1548 932 καὶ
1591 879 1648 933 ἐκ
1687 883 1861 950 τριῶν

167 963 436 1035 εὐθειῶν,
485 967 548 1019 αἵ
584 968 727 1020 εἰσιν
768 973 883 1021 ι”σαι
922 965 1068 1037 τρισὶ
1107 976 1227 1030 ταῖς
1265 970 1384 1035 ΓΛ,
1419 972 1549 1036 ΔΕ,
1590 972 1709 1038 ΓΕ,
1748 973 1860 1039 τρί-

166 1076 354 1125 γωνον
394 1052 709 1109 συνεστάτω
750 1052 811 1110 τὸ
849 1060 1046 1124 ΑΖΗ,
1089 1051 1224 1108 ὥστε
1268 1060 1395 1124 ἴσην
1438 1051 1581 1109 εἶναι
1620 1053 1722 1126 τὴν
1758 1055 1863 1126 μὲν

165 1147 277 1198 ΓΔ
314 1145 380 1214 τῇ
421 1148 546 1214 ΑΖ,
584 1141 686 1213 τὴν
728 1141 789 1198 δὲ
829 1147 937 1197 ΓΕ
971 1146 1036 1214 τῇ
1078 1147 1214 1211 ΑΗ,
1253 1142 1344 1196 καὶ
1386 1145 1463 1196 ἔτι
1502 1140 1604 1213 τὴν
1644 1149 1761 1197 ΔΕ
1794 1147 1859 1216 τῇ

167 1237 292 1289 ΖΙΙ.

273 1318 420 1376 Ἐπεὶ
477 1313 582 1376 οὖν
638 1318 742 1376 δύο
798 1321 860 1374 αἰ
897 1324 1023 1389 ΔΓ,
1072 1323 1179 1374 ΓΕ
1230 1318 1333 1374 δύο
1389 1329 1509 1384 ταῖς
1556 1325 1688 1389 ΖΑ,
1744 1326 1868 1375 AH

168 1415 283 1464 ἴσαι
323 1408 467 1464 εἰσὶν
508 1408 735 1479 ἑκατέρα
775 1407 1021 1480 ἑκατέρᾳ,
1061 1406 1154 1461 καὶ
1192 1409 1353 1477 βάσις
1391 1405 1424 1479 ἡ
1462 1413 1578 1462 ΔΕ
1605 1409 1764 1477 βάσει
1795 1411 1862 1480 τῇ

110 1509 133 1548 5
168 1503 288 1552 ZH
320 1504 430 1568 ἴση,
470 1501 649 1568 γωνία
688 1495 796 1569 ἄρα
837 1494 870 1567 ἡ
902 1493 1011 1551 ὑπὸ
1041 1500 1212 1551 ΔΓΕ
1231 1499 1409 1569 γωνίᾳ
1448 1499 1512 1567 τῇ
1554 1493 1662 1551 ὑπὸ
1691 1501 1871 1551 ΖΑΗ

168 1587 318 1641 ἐστιν
359 1592 415 1640 ἴσ
454 1628 465 1639 .

278 1607 450 1747 Πρὸςη
473 1672 583 1745 ἄρα
622 1677 685 1746 τῇ
727 1676 961 1745 δοθείσῃ
995 1669 1192 1747 εὐθείᾳ
1231 1674 1296 1745 τῇ
1339 1678 1446 1728 ΑΒ
1484 1672 1578 1727 καὶ
1616 1674 1692 1749 τῷ
1725 1671 1868 1745 πρὸς

167 1759 305 1834 αὐτῇ
346 1766 553 1837 σημείῳ
593 1765 669 1837 τῷ
710 1769 762 1816 Α
798 1765 864 1834 τῇ
907 1764 1141 1834 δοθείσῃ
1173 1765 1351 1835 γωνία
1383 1758 1764 1837 εὐθυγράμμῳ
1797 1763 1863 1834 τῇ

167 1849 275 1907 ὑπὸ
319 1856 492 1906 ΔΓΕ
528 1857 618 1921 ἴση
659 1854 837 1921 γωνία
876 1846 1280 1922 εὐθύγραμμος
1319 1850 1646 1905 συνέσταται
1686 1848 1720 1921 ἡ
1752 1848 1866 1906 ὑπὸ
1928 1904 1931 1906 ,

78 1953 135 1992 20
169 1945 357 1994 ZAH·
400 1936 535 2011 ὅπερ
577 1941 688 1994 ἔδει
728 1941 978 2009 ποιῆσαι.

955 2099 1074 2155 κδ’.

273 2201 419 2259 Ἐὰν
452 2202 571 2259 δύο
604 2207 895 2275 τρίγωνα
925 2200 1038 2268 τὰς
1070 2201 1189 2258 δύο
1222 2202 1507 2276 πλευρὰς
1531 2208 1716 2274 [ταῖς]
1743 2202 1866 2259 δύο

167 2299 484 2363 πλευραῖς
535 2299 679 2357 ἴσας
727 2295 836 2364 ἔχῃ
895 2291 1217 2363 ἑκατέραν
1273 2291 1571 2366 ἑκατέρᾳ,
1625 2290 1746 2362 τὴν
1796 2291 1865 2346 δὲ

167 2385 419 2452 γωνίαν
464 2383 576 2451 τῆς
622 2385 866 2451 γωνίας
912 2384 1182 2451 μείζονα
1229 2383 1338 2453 ἔχῃ
1391 2378 1509 2451 τὴν
1557 2377 1681 2435 ὑπὸ
1736 2382 1867 2435 τῶν

82 2483 136 2522 25
171 2476 334 2526 ἴσων
375 2466 661 2525 εὐθειῶν
692 2469 1201 2541 περιεχομένην,
1232 2468 1339 2523 καὶ
1370 2469 1488 2540 τὴν
1519 2468 1719 2539 βάσιν
1751 2471 1869 2539 τῆς

170 2557 424 2629 βάσεως
463 2562 734 2629 μείζονα
774 2559 920 2624 ἔξει.

268 2645 448 2701 ’Ἑστω
489 2645 593 2702 δύο
631 2650 877 2718 τρίγωνα
908 2644 975 2701 τὰ
1008 2651 1192 2716 ΑΒΓ,
1233 2652 1400 2701 ΔΕΖ
1443 2644 1540 2712 τὰς
1572 2644 1676 2701 δύο
1708 2652 1869 2701 πλευ-

290 2793 452 2838 XXIV.
486 2793 679 2839 Boetius
708 2808 756 2851 p.
784 2798 884 2850 382,
902 2798 943 2838 9.

293 2931 331 2971 7.
367 2922 568 2983 ἑκατέρα
599 2926 648 2970 Ρ.
772 2930 871 2970 ΔΓ
897 2926 946 2973 Ρ.
1075 2926 1188 2985 ΓΕ]
1222 2939 1337 2972 eras.
1371 2925 1418 2970 F.
1543 2931 1582 2970 9.
1626 2924 1741 2969 Post
1771 2925 1870 2968 ἴσαι
