1956 3074
158 583 184 624 5

130 1027 185 1066 10

133 1559 186 1599 15

220 83 289 136 10
847 83 1182 126 ΣΤοιΧΕΙςεΝ
1214 79 1279 126 α’.

786 200 1030 256 Κοιναὶ
1070 204 1344 255 ἔννοιαι.

328 303 401 359 α’.
469 302 548 358 Τὰ
587 306 662 378 τῷ
705 300 854 377 αὐτῷ
896 309 990 357 ἴσα
1028 302 1120 357 καὶ
1160 299 1421 373 ἀλλήλοις
1459 301 1611 358 ἐστὶν
1652 310 1758 358 ἴσα.

328 392 401 463 β’.
456 393 571 447 Καὶ
603 390 705 447 ἐὰν
737 399 881 456 ἴσοις
913 398 1005 446 ἴσα
1036 394 1341 463 προστεθῇ,
1381 390 1447 446 τὰ
1481 390 1584 447 ὅλα
1616 389 1770 446 ἐστὶν
1802 399 1908 447 ἴσα.

326 481 397 552 γ’.
462 481 574 536 Καὶ
614 478 715 535 ἐὰν
755 478 864 535 ἀπὸ
907 486 1045 535 ἴσων
1086 486 1179 534 ἴσα
1219 478 1524 552 ἀφαιρεθῇ,
1562 479 1631 534 τὰ
1663 486 1908 535 καταλει-

217 569 432 641 πόμενά
473 567 624 625 ἐστιν
666 577 772 624 ἴσα.

329 658 425 727 [δ’.
488 659 602 715 Καὶ
642 657 743 714 ε’ὰν
783 655 1001 722 ἀνίσοις
1041 664 1132 712 ἴσα
1172 661 1483 730 προστεθῇ,
1522 654 1589 712 τὰ
1623 655 1725 711 ὅλα
1758 655 1908 711 ἐστὶν

216 745 398 802 ἄνισα.

328 835 392 891 ε’.
440 836 554 890 Καὶ
586 834 653 890 τὰ
683 843 787 890 τοῦ
818 833 994 890 αὐτοῦ
1026 833 1291 890 διπλάσια
1324 841 1417 889 ἴσα
1450 833 1712 904 ἀλλήλοις
1745 835 1909 888 ἐστίν.

327 924 395 983 ς’.
451 924 565 979 Καὶ
604 922 671 979 τὰ
709 927 811 979 τοῦ
852 922 1026 979 αὐτοῦ
1070 921 1242 995 ἡμίση
1285 930 1378 978 ἴσα
1418 920 1680 993 ἀλλήλοις
1720 923 1907 989 ἐστιν]

331 1013 392 1080 ζ’.
408 1013 528 1068 Καὶ
539 1011 607 1068 τὰ
627 1012 1013 1084 ἐφαρμόζοντα
1031 1011 1112 1068 ἐπ’
1128 1011 1339 1083 ἄλληλα
1358 1019 1450 1067 ἴσα
1469 1009 1729 1082 ἀλλήλοις
1747 1012 1910 1066 ἐστίν.

326 1102 399 1173 η’.
447 1102 561 1158 Καὶ
599 1101 661 1158 τὸ
709 1101 845 1158 ὅλον
883 1105 985 1158 τοῦ
1024 1103 1226 1174 μέρους
1265 1100 1451 1172 μεῖζόν
1491 1103 1703 1169 [ἐστιν].

330 1190 431 1260 [θ’.
472 1191 586 1246 Καὶ
627 1190 731 1246 δύο
773 1188 990 1246 εὐθεῖαι
1030 1195 1238 1262 χωρίον
1279 1187 1347 1245 οὐ
1388 1190 1779 1261 περιέχουσιν.]

1026 1375 1060 1407 α
1087 1397 1097 1407 .

323 1455 457 1512 Ἐπὶ
521 1459 633 1529 τῆς
700 1461 1018 1527 δοθείσης
1080 1454 1354 1521 εὐθείας
1415 1454 1911 1525 πεπερασμένης

220 1550 549 1616 τρίγωνον
590 1543 996 1617 ἰσόπλευρον
1038 1543 1516 1615 συστήσασθαι.

312 1633 493 1689 ’Ἑστω
534 1632 567 1705 ἡ
611 1637 850 1689 δοθεῖσα
890 1632 1088 1689 εὐθεῖα
1127 1632 1512 1704 πεπερασμένη
1552 1629 1586 1701 ἡ
1629 1637 1752 1687 ΑΒ.

330 1729 441 1778 Λεῖ
477 1721 546 1793 δὴ
589 1722 676 1777 ἐπὶ
715 1726 812 1793 τῆς
848 1728 955 1778 ΑΒ
996 1720 1220 1786 εὐθείας
1258 1725 1535 1792 τρίγωνον
1576 1719 1909 1791 ἰσόπλευρον

217 1811 620 1883 συστήσασθαι.
1579 1847 1594 1861 .

330 1901 560 1976 Κέντρῳ
610 1899 712 1971 μὲν
758 1904 833 1975 τῷ
876 1906 929 1954 Α
976 1897 1306 1969 διαστήματι
1348 1897 1409 1952 δὲ
1448 1900 1522 1973 τῷ
1566 1903 1672 1951 ΑΒ
1713 1896 1913 1962 κύκλος

243 2076 247 2080 ’
337 2082 470 2123 Κοιν.
507 2075 600 2123 ἔνν.
630 2082 758 2121 1-3,
792 2076 1050 2122 Martianus
1082 2075 1276 2132 Capella
1305 2075 1383 2130 VI,
1403 2080 1503 2122 723.
1656 2079 1694 2117 1.
1728 2072 1910 2130 Philop.

219 2137 269 2182 in
300 2137 419 2182 anal.
453 2136 498 2181 II
527 2137 607 2181 fol.
643 2142 683 2180 5.
734 2136 925 2180 Boetius
957 2151 1000 2193 p.
1029 2140 1130 2192 378,
1153 2142 1190 2179 1.
1322 2141 1360 2179 2.
1396 2134 1587 2179 Boetius
1619 2148 1664 2201 p.
1691 2137 1790 2187 378,
1810 2137 1848 2178 5.

221 2202 262 2242 3.
295 2196 482 2253 Philop.
514 2195 547 2239 1.
574 2211 611 2240 o.
660 2194 851 2239 Boetius
882 2211 927 2252 p.
954 2199 1056 2252 378,
1074 2200 1115 2239 3.
1297 2199 1336 2238 4.
1371 2193 1594 2239 Eutocius
1626 2208 1675 2237 m
1704 2191 1909 2237 Archim.

218 2255 285 2300 III
315 2271 360 2313 p.
387 2260 491 2312 254,
508 2260 579 2300 27.
703 2259 743 2299 7.
776 2253 960 2311 Philop.
993 2255 1043 2297 in
1074 2253 1196 2298 anal.
1229 2254 1272 2298 Π
1296 2253 1375 2298 fol.
1396 2257 1436 2298 5.
1471 2251 1662 2298 Boeffius
1691 2266 1738 2308 p.
1757 2255 1908 2306 378,⁷.

336 2328 488 2372 prop.
515 2315 550 2360 I.
582 2312 848 2358 Alexander
879 2313 1085 2370 Aphrod.
1118 2313 1168 2357 in
1199 2313 1321 2358 anal.
1346 2313 1368 2356 I
1390 2311 1471 2357 fol.
1496 2317 1557 2367 81,
1588 2310 1637 2355 in
1660 2312 1756 2367 top.
1783 2315 1911 2366 p.11.

221 2373 511 2419 Themistius
542 2373 673 2431 phys.
699 2372 919 2430 paraphr.
944 2372 1025 2418 fol.
1045 2377 1141 2417 35V.
1177 2371 1446 2430 Simplicius
1478 2371 1527 2415 in
1550 2371 1684 2428 phys.
1709 2368 1789 2414 fol.
1811 2374 1910 2414 119.

218 2433 410 2478 Proolus
442 2449 486 2491 p.
516 2438 616 2488 102,
638 2437 705 2477 14.
740 2437 841 2487 223,
860 2437 932 2487 22,
974 2431 1157 2489 Philop.
1191 2430 1242 2475 in
1273 2430 1396 2475 anal.
1428 2430 1474 2474 II
1504 2429 1583 2474 fol.
1611 2435 1676 2475 4V.
1717 2427 1911 2474 Martia-

219 2508 304 2537 nus
337 2492 530 2550 Capella
559 2493 638 2548 VI,
658 2496 757 2536 724.
817 2490 1002 2536 Boetius
1034 2507 1078 2548 p.
1098 2495 1199 2546 380,
1218 2495 1244 2534 2
1280 2491 1344 2548 [p.
1371 2495 1472 2546 390,
1491 2490 1668 2546 (τὶ-25].
1717 2488 1909 2533 Proolus

217 2567 264 2609 p.
290 2557 497 2597 208—10
528 2549 722 2596 liberius
753 2549 981 2608 proposit.
1013 2549 1187 2608 repeizib
1216 2552 1380 2595 totam.

342 2707 378 2746 1.
413 2697 658 2757 ἀξιώματα
690 2698 883 2744 Proolus
915 2715 960 2757 p.
982 2705 1079 2745 193.
1142 2715 1261 2743 now.
1296 2695 1390 2742 ἔνν.
1423 2697 1527 2742 αἵδε
1561 2694 1710 2741 BFV.
1750 2708 1909 2739 nume-

218 2773 294 2804 ros
326 2774 416 2805 om.
442 2759 587 2805 PBF.
711 2765 752 2805 3.
789 2761 866 2804 ἴσα
899 2761 1016 2809 ἴσοις
1045 2758 1254 2803 Proclus.
1377 2758 1455 2801 ἴσα
1489 2752 1614 2800 ἐστίν
1644 2754 1848 2800 Proolus.

219 2825 260 2864 4.
294 2815 389 2863 ἀπὸ
422 2820 535 2863 ἴσων
568 2819 666 2877 ἴσα]
711 2821 822 2863 ι’·’σων
854 2819 1061 2863 Proclus.
1245 2821 1286 2862 5.
1319 2817 1397 2861 ἴσα
1429 2812 1555 2861 ἐστίν
1585 2812 1791 2860 Proclus.

220 2880 310 2922 αἴτ.
343 2884 371 2922 4
416 2892 472 2922 ex
517 2877 854 2923 commentario
898 2877 1051 2934 Pappi
1092 2876 1336 2934 irrepsisse
1377 2875 1583 2932 uidetur3
1639 2889 1684 2918 u.
1717 2872 1910 2918 Proclus
