1956 3074
128 973 183 1013 10

127 1415 181 1455 15

126 1860 183 1899 20

216 49 326 103 282
847 51 1184 95 ΣΤοΙΧΕΙΩΝ
1213 48 1278 96 δ’.

327 173 807 238 Συμπιπτέτωσαν
860 170 1134 241 πρότερον
1185 167 1342 235 ἐντὸς
1394 168 1532 225 κατὰ
1587 167 1649 225 τὸ
1691 176 1761 240 Ζ,
1813 169 1910 225 καὶ

217 254 638 327 ἐπεζεύχθωσαν
678 259 740 311 αἱ
777 262 896 326 ΖΒ,
944 260 1061 326 ΖΓ,
1103 262 1223 311 ΖΑ.
1262 257 1354 312 καὶ
1394 257 1510 312 ἐπεὶ
1550 263 1641 328 ἴση
1683 257 1833 313 ἐστὶν
1872 254 1907 327 ἡ

215 350 335 399 ΑΔ
372 346 438 416 τῇ
482 350 619 414 ΔΒ,
657 343 820 414 κοινὴ
861 344 924 400 δὲ
961 344 1054 399 καὶ
1093 342 1231 416 πρὸς
1270 341 1448 416 ὀρθὰς
1490 342 1524 416 ἡ
1566 352 1700 415 ΔΖ,
1748 343 1911 415 βάσις

215 430 326 505 ἄρα
349 429 383 504 ἡ
409 438 519 487 ΑΖ
542 431 702 503 βάσει
741 436 806 504 τῇ
835 438 935 487 ΖΒ
963 433 1111 488 ἐστιν
1153 438 1260 503 ἴση.
1302 429 1508 503 ὁμοίως
1539 432 1608 504 δὴ
1637 434 1910 504 δείξομεν,

217 519 302 576 ὅτι
355 521 449 576 καὶ
503 518 538 591 ἡ
587 525 687 576 ΓΖ
740 523 806 593 τῇ
855 526 962 575 ΑΖ
1018 522 1167 575 ἐστιν
1216 526 1338 591 ἴση·
1409 518 1549 575 ὥστε
1595 521 1686 575 καὶ
1733 517 1768 591 ἡ
1810 526 1911 576 ΖΒ

214 613 280 682 τῇ
323 613 433 664 ΖΓ
460 611 610 664 ἐστιν
651 615 771 679 ἴση·
813 610 875 662 αἱ
910 619 1055 680 τρεῖς
1093 606 1203 679 ἄρα
1242 609 1304 663 αἱ
1333 614 1458 679 ΖΑ,
1501 614 1620 678 ΖΒ,
1662 613 1769 664 ΖΓ
1794 615 1909 664 ἴσαι
1941 598 1943 601 ”

215 694 480 767 ἀλλήλαις
527 700 686 752 εἰσίν.
763 694 793 752 ὁ
843 695 954 767 ἄρα
999 697 1209 771 κέντρῳ
1257 699 1333 772 τῷ
1381 702 1426 750 Ζ
1473 696 1802 768 διαστήματι
1849 696 1913 752 δὲ

215 785 300 841 ἑνὶ
355 787 468 841 τῶν
515 793 592 855 Α,
647 791 721 855 Β,
775 790 828 841 Γ
867 784 1070 851 κύκλος
1114 783 1470 855 γραφόμενος
1513 783 1630 855 ἥξει
1675 784 1767 841 καὶ
1816 783 1909 840 διὰ

214 876 327 929 τῶν
382 876 594 929 λοιπῶν
649 878 912 945 σημείων,
966 873 1057 928 καὶ
1113 876 1264 927 ἔσται
1318 873 1823 945 περιγεγραμμένος
1878 869 1909 928 ὃ

214 960 418 1028 κύκλος
455 963 580 1035 περὶ
618 960 681 1018 τὸ
723 966 896 1018 ΑΒΓ
926 967 1218 1035 τρίγωνον.
1280 960 1714 1034 περιγεγράφθω
1765 959 1839 1026 ὡς
1879 959 1909 1016 ὁ

214 1055 396 1106 ΑΒΓ.

326 1138 470 1194 ἄλλα
517 1139 586 1210 δὴ
629 1142 690 1194 αἱ
727 1146 862 1210 ΔΖ,
902 1145 1006 1194 ΕΖ
1046 1139 1505 1210 συμπιπτέτωσαν
1546 1138 1632 1193 ἐπὶ
1670 1140 1770 1209 τῆς
1809 1142 1918 1193 ΒΓ

215 1226 441 1293 εὐθείας
486 1227 623 1283 κατὰ
669 1226 732 1283 τὸ
783 1234 852 1298 Ζ,
908 1226 983 1293 ὡς
1030 1231 1139 1298 ἔχει
1187 1227 1275 1281 ἐπὶ
1314 1229 1412 1296 τῆς
1451 1227 1710 1298 δευτέρας
1746 1246 1910 1281 κατα-

214 1319 457 1389 γραφῆς,
511 1315 604 1370 καὶ
660 1315 969 1385 ἐπεζεύχθω
1009 1312 1044 1385 ἡ
1085 1320 1206 1369 ΑΖ.
1263 1311 1468 1384 ὁμοίως
1515 1312 1584 1385 δὴ
1637 1315 1910 1384 δείξομεν,

216 1403 300 1460 ὅτι
338 1403 401 1460 τὸ
437 1410 482 1458 Ζ
514 1414 747 1475 σημεῖον
787 1404 1020 1476 κέντρον
1062 1402 1175 1458 ἐστὶ
1214 1404 1317 1457 τοῦ
1351 1402 1474 1473 περὶ
1506 1399 1569 1457 τὸ
1602 1406 1775 1457 ΑΒΓ
1796 1407 1910 1474 τρί-

213 1514 401 1564 γωνον
440 1493 932 1564 περιγραφομένου
970 1489 1195 1547 κύκλου.

321 1579 482 1637 Ἀλλά
532 1578 601 1651 δὴ
649 1582 710 1635 αἱ
747 1586 802 1635 Δ
813 1586 882 1650 Ζ,
942 1585 1045 1634 ΕΖ
1101 1579 1560 1650 συμπιπτέτωσαν
1608 1577 1762 1644 ἐκτὸς
1807 1582 1910 1635 τοῦ

214 1675 388 1726 ΑΒΓ
426 1669 706 1742 τριγώνου
758 1666 897 1724 κατὰ
952 1666 1014 1723 τὸ
1058 1674 1102 1723 Ζ
1150 1666 1347 1738 πάλιν,
1404 1665 1479 1733 ὥς
1526 1671 1634 1740 ἔχει
1681 1668 1768 1724 ἐπὶ
1816 1671 1912 1741 τῆς

212 1763 400 1831 τρίτης
451 1760 836 1830 καταγραφῆς,
891 1757 983 1812 καὶ
1032 1755 1454 1828 ἐπεζεύχθωσαν
1502 1758 1564 1810 αἶ
1599 1762 1731 1826 ΑΖ,
1786 1762 1908 1827 ΒΖ,

213 1852 328 1904 ΓΖ.
406 1846 498 1902 καὶ
539 1847 655 1902 ἐπεὶ
694 1847 863 1901 πάλιν
904 1851 995 1915 ἴση
1037 1844 1188 1900 ἐστὶν
1227 1841 1261 1915 ἡ
1302 1849 1422 1899 ΑΛ
1459 1846 1525 1916 τῇ
1567 1849 1696 1914 ΔΒ,
1746 1844 1907 1916 κοινὴ

214 1935 277 1991 δὲ
314 1936 407 1991 καὶ
447 1932 587 2007 πρὸς
626 1932 806 2007 ὀρθὰς
845 1930 878 2004 ἡ
921 1938 1050 2002 ΔΖ,
1090 1931 1254 2002 βάσις
1291 1929 1401 2002 ἄρα
1441 1928 1474 2002 ἡ
1514 1936 1620 1985 ΑΖ
1652 1930 1812 2001 βάσει
1843 1936 1909 2005 τῇ

213 2030 316 2079 ΒΖ
357 2026 507 2079 ἐστιν
547 2029 655 2093 ἴση.
706 2020 910 2093 ὁμοίως
950 2021 1015 2091 δὴ
1058 2021 1330 2091 δείξομεν,
1371 2017 1455 2075 ὅτι
1495 2019 1588 2074 καὶ
1628 2016 1661 2090 ἡ
1703 2023 1804 2074 ΓΖ
1843 2023 1908 2092 τῇ

339 2192 375 2230 1.
411 2186 748 2242 συμπίπτουσαν
772 2184 820 2228 F.
943 2180 1173 2240 πρότερον
1208 2178 1360 2239 ἐντός]
1395 2172 1483 2226 οὖν
1515 2176 1649 2232 ἐντὸς
1679 2178 1908 2239 πρότερον

214 2247 265 2291 Ρ.
388 2251 430 2289 2.
467 2243 705 2302 zr]litt.
740 2242 971 2287 Zinras.
1006 2240 1787 2297 m.2V,in·...1⁷mntatm2F

216 2311 256 2350 3
292 2309 380 2349 ΔΒ
437 2308 527 2392 ΒΔ
558 2305 608 2348 Ρ.
732 2302 839 2359 ΔΖ]
874 2305 984 2345 AZ‘?
1017 2300 1065 2345 F.
1204 2305 1244 2344 4.
1280 2302 1360 2344 ZB
1415 2299 1465 2342 in
1494 2313 1583 2343 ras.
1617 2314 1662 2356 p.
1785 2295 1910 2345 ἐστιν

216 2365 314 2423 ἴση]
348 2364 385 2408 Ρ
438 2365 559 2419 ς’ἰση
595 2357 720 2406 ἐστίν
752 2360 893 2418 BVp.
1019 2365 1059 2405 5.
1095 2360 1199 2418 ΓΖ]
1234 2362 1322 2403 ΖΓ
1396 2372 1439 2414 Ρ.
1566 2363 1605 2402 6.
1640 2353 1786 2417 ἔστιν]
1819 2373 1908 2405 om.

215 2423 273 2469 V.
395 2421 509 2466 Posi:
541 2424 616 2477 ἴση
647 2434 736 2464 ras.
771 2426 797 2465 6
828 2419 920 2465 litt.
952 2420 1002 2464 F
1132 2423 1172 2464 8.
1208 2423 1258 2473 Α,
1291 2422 1342 2474 Β,
1378 2417 1443 2476 Γ]
1478 2417 1534 2470 P;
1568 2420 1662 2472 ZA,
1696 2421 1790 2474 ΖΒ,
1826 2421 1915 2462 ΖΓ

216 2481 377 2527 Theon
409 2437 636 2537 (BFVpn).
775 2479 855 2523 καὶ
895 2475 975 2522 διὰ
1007 2478 1100 2522 τῶν
1132 2477 1308 2522 λοιπῶν
1340 2475 1564 2533 σημείων]
1599 2490 1687 2520 om.
1719 2492 1774 2533 Ρ,
1814 2492 1907 2534 mg

215 2557 276 2585 m.
309 2555 401 2587 rec.
434 2540 487 2583 Β.
639 2543 679 2583 9.
713 2534 760 2597 ὁ]
792 2538 951 2584 inserb.
984 2553 1044 2582 m.
1073 2542 1095 2580 1
1130 2535 1187 2581 V.
1323 2540 1391 2580 10.
1423 2534 1506 2579 καὶ
1536 2534 1907 2593 περιγραφέσθω

215 2600 279 2651 V;
311 2601 399 2644 καί
424 2599 568 2644 etiam
599 2598 650 2642 in
679 2598 714 2641 F
747 2597 853 2642 add.
880 2612 940 2641 m.
959 2602 984 2640 2
1020 2597 1204 2653 (ουαῃμ)
1330 2593 1547 2681 12.ΗΙΙΒΓ]
1584 2597 1674 2638 ΑΓ
1699 2593 1755 2650 F;
1789 2609 1907 2642 corr.

214 2703 275 2734 m.
300 2693 341 2732 2
467 2691 535 2731 14.
569 2687 670 2745 AZ]
705 2690 739 2729 Z
770 2686 820 2730 in
850 2698 938 2731 ras.
971 2700 1018 2742 p.
1141 2689 1211 2728 19.
1244 2683 1344 2742 AZ]
1380 2685 1461 2726 AZ
1493 2682 1544 2725 F.
1667 2685 1769 2738 ΒΖ,
1805 2683 1906 2741 ΓΖ]

215 2777 272 2830 P·
307 2746 402 2833 Βὲ,
423 2745 506 2820 1¹⁷¹z
536 2775 593 2829 F;
627 2778 722 2829 ZB,
741 2778 832 2818 ΖΓ
863 2774 1004 2830 ssvp
1127 2777 1198 2817 20.
1230 2771 1340 2829 καί]
1374 2784 1489 2816 eras.
1523 2768 1578 2814 v.
1690 2776 1771 2816 22.
1806 2772 1905 2829 ΒΖ]

215 2812 1023 2891 PF‚Vm.;1ZBBp‚..Vm2
1150 2830 1454 2890 ΓΖ]ΖΓΡ.
