1956 3074
189 125 294 178 196
825 130 1160 174 ΣΤΟῙΧΕΙΩΝ
1190 128 1253 186 γ’.

185 243 288 315 μὲν
327 250 503 301 ΑΒΓ
532 246 744 302 κύκλου
780 247 1014 319 κέντρον
1053 246 1116 304 τὸ
1158 255 1221 318 Ζ,
1259 252 1363 304 τοῦ
1401 248 1465 305 δὲ
1497 256 1676 305 ΑΔΕ
1702 249 1764 306 τὸ
1799 257 1877 307 Η·
1935 312 1951 319 ,-

184 332 345 403 λέγω,
387 331 472 389 ὅτι
500 332 534 405 ἡ
567 333 677 390 ἀπὸ
710 337 811 390 τοῦ
850 341 916 390 Η
940 336 1027 389 ἐπὶ
1058 335 1119 391 τὸ
1150 343 1194 391 Ζ
1220 338 1646 410 ἐπιζευγνυμένη
1681 336 1877 395 εὐθεῖα

185 423 562 494 ἐκβαλλομένη
602 423 689 479 ἐπὶ
727 422 790 479 τὸ
832 431 885 478 Α
920 435 1177 480 πεσεῖται.

295 509 396 582 Μὴ
442 511 576 584 γάρ,
632 510 754 567 ἀλλ’
806 516 857 567 εἰ
894 514 1163 580 δυνατόν,
1218 514 1454 570 πιπτέτω
1503 512 1578 580 ὥς
1615 512 1649 586 ἡ
1691 521 1876 586 ΖΗΘ,

126 613 152 652 5
185 599 277 654 καὶ
317 599 738 672 ἐπεζεύχθωσαν
779 602 840 655 αἱ
876 607 1002 671 ΑΖ,
1043 607 1175 656 AH.

292 686 440 744 Ἐπεὶ
481 682 588 745 οὖν
627 691 689 744 αἱ
724 695 859 759 ΑΗ,
899 695 1014 745 ΗΖ
1050 693 1148 761 τῆς
1179 695 1303 759 ΖΑ,
1343 691 1591 747 τουτέστι
1629 694 1726 763 τῆς
1758 697 1876 762 ΖΘ,

184 777 429 846 μείζονές
468 780 629 847 εἰσιν,
669 775 831 848 κοινὴ
870 774 1190 850 ἀφῃρήσθω
1230 775 1264 849 ἡ
1304 784 1436 833 ΖΗ·
1489 777 1654 851 λοιπὴ
1694 778 1803 852 ἄρα
1841 777 1875 851 ἡ

183 870 310 920 ΑΗ
341 867 539 937 λοιπῆς
575 867 673 936 τῆς
710 871 823 921 ΗΘ
862 870 1063 936 μείζων
1102 868 1268 922 ἐστίν.
1346 872 1438 938 ἴση
1480 866 1542 923 δὲ
1580 865 1614 939 ἡ
1657 874 1781 923 ΑΗ
1810 871 1876 942 τῇ

187 959 253 1008 H
256 961 309 1008 A
324 969 343 982 ’⁴
373 954 466 1008 καὶ
504 952 539 1025 ἡ
572 960 638 1010 H
643 961 698 1009 A
730 952 838 1026 ἄρα
877 957 975 1026 τῆς
1006 961 1121 1010 ΗΘ
1151 960 1350 1027 μείζων
1387 955 1538 1011 ἐστὶν
1568 953 1602 1027 ἡ
1636 955 1877 1012 ἐλάττων

97 1055 153 1096 10
183 1045 282 1113 τῆς
321 1046 594 1114 μείζονος“
659 1041 793 1116 ὅπερ
835 1043 984 1099 ἐστὶν
1024 1039 1339 1099 ἀδύνατον·
1401 1042 1504 1099 οὐκ
1543 1043 1652 1117 ἄρα
1691 1042 1725 1116 ἡ
1766 1043 1877 1101 ἀπὸ

183 1134 284 1187 τοῦ
317 1137 362 1186 Ζ
397 1131 484 1188 ἐπὶ
523 1129 579 1187 τί
619 1136 685 1186 Η
706 1131 1135 1203 ἐπιζευγνυμένη
1175 1130 1371 1187 εὐθεῖα
1411 1130 1564 1198 ἐκτὸς
1611 1143 1878 1189 πεσεῖται·

183 1218 322 1276 κατὰ
359 1218 422 1276 τὸ
464 1227 517 1275 Α
557 1218 665 1292 ἄρα
706 1220 793 1276 ἐπὶ
832 1223 930 1291 τῆς
969 1223 1226 1291 συναφῆς
1263 1231 1522 1276 πεσεῖται.

291 1307 423 1364 Ἐὰν
470 1307 579 1379 ἄρα
627 1308 732 1364 δύο
773 1307 969 1364 κύκλοι
1010 1307 1363 1379 ἐφάπτωνται
1402 1307 1662 1380 ἀλλήλων
1702 1309 1876 1380 ἐντός,

188 1397 299 1467 [καὶ
333 1401 527 1471 ληφθῇ
562 1396 749 1453 αὐτῶν
777 1397 845 1452 τὰ
878 1398 1121 1468 κέντρα],
1160 1395 1193 1469 ἡ
1234 1398 1321 1453 ἐπὶ
1360 1396 1426 1453 τὰ
1459 1398 1659 1469 κέντρα
1691 1395 1878 1454 αὐτῶν

99 1500 152 1541 15
187 1488 613 1558 ἐπιζευγνυμένη
647 1483 843 1542 εὐθεῖα
876 1486 990 1554 [καὶ
1022 1486 1418 1558 ἐκβαλλομένη]
1462 1486 1549 1542 ἐπὶ
1580 1484 1682 1559 τὴν
1715 1502 1880 1543 συνα·
1924 1561 1928 1564 η

186 1574 302 1647 φὴν
342 1586 585 1631 πεσεῖται
624 1579 737 1632 τῶν
769 1574 1020 1653 κύκλων·
1062 1572 1197 1646 ὅπερ
1238 1578 1350 1631 ἔδει
1392 1576 1580 1643 δεῖξαι.

975 1736 1077 1807 ιβ’.

293 1840 438 1898 Ἐὰν
492 1840 610 1897 δύο
665 1841 895 1898 κύκλοιι
951 1839 1376 1911 ἐφάπτωνται
1423 1838 1732 1911 ἀλλήλων
1780 1843 1877 1896 ἐκ-

185 1930 317 2001 τός,
357 1929 391 2002 ἡ
433 1931 534 1987 ἐπὶ
573 1929 646 1987 τὰ
686 1931 927 2001 κέντρα
966 1927 1182 1985 αὐτῶν
1216 1930 1732 2000 ἐπιζευγνυμένη
1766 1928 1876 1985 διὰ

107 2033 157 2076 20
186 2023 297 2093 τῆς
337 2022 587 2092 ἐπαφῆς
627 2019 979 2075 ἐλεύσεται.

298 2108 423 2165 Δύο
478 2107 586 2181 γὰρ
632 2106 827 2163 κύκλοι
875 2108 933 2162 οἱ
969 2111 1157 2177 ΑΒΓ,
1213 2113 1393 2162 ΑΔΕ
1437 2106 1877 2178 ἐφαπτέσθωσαν

185 2195 444 2268 ἀλλήλων
496 2195 650 2261 ἐκτὸς
686 2193 824 2251 κατὰ
863 2192 926 2250 τὸ
968 2203 1020 2251 Α
1059 2207 1310 2266 σημεῖον,
1349 2195 1440 2251 καὶ
1481 2194 1736 2267 εἰλήφθω
1775 2198 1878 2250 τοῦ

186 2287 288 2358 μὲν
327 2291 497 2342 ΑΒΓ
528 2286 761 2358 κέντρον
799 2282 862 2339 τὸ
904 2290 975 2355 Ζ,
1022 2287 1123 2339 τοῦ
1167 2284 1229 2341 δὲ
1270 2290 1447 2340 ΑΔΕ
1481 2281 1545 2339 τὸ
1584 2289 1668 2339 Η·
1716 2283 1877 2354 λέγω,

305 2455 344 2493 1.
379 2447 485 2507 μέν]
520 2462 609 2494 om.
642 2449 693 2493 Β.
815 2444 867 2491 τὸ
901 2445 1094 2503 κέντρον
1126 2443 1178 2491 τό
1211 2445 1260 2491 Ρ.
1414 2451 1454 2490 3.
1489 2449 1525 2489 A
1550 2449 1744 2502 σημεῖον
1775 2443 1878 2498 FV,
1926 2436 1928 2439 ¹

183 2509 221 2554 P
251 2524 312 2553 m.
345 2522 436 2553 rec.
559 2513 600 2554 4.
634 2508 796 2565 ΖΗΘ]
831 2507 918 2551 ΖΘ
948 2506 1000 2563 F,
1045 2510 1094 2550 H
1120 2519 1261 2563 supra
1292 2518 1377 2550 scr.
1411 2520 1471 2549 m.
1499 2510 1540 2550 2.
1663 2509 1703 2549 6.
1737 2501 1813 2562 αἱ]
1848 2499 1895 2560 ἡ

185 2568 234 2612 P.
331 2568 431 2626 ZA]
466 2567 515 2612 in
545 2580 634 2611 ras.
666 2581 728 2611 m.
749 2571 771 2610 1
792 2566 846 2611 V.
939 2565 1021 2621 τῆς
1053 2565 1156 2623 ΖΑ]
1190 2579 1284 2621 mg.
1317 2579 1378 2609 m.
1406 2569 1428 2607 1
1463 2564 1514 2608 P.
1636 2561 1876 2608 τουτέστιν

184 2628 234 2672 Ρ.
375 2632 414 2672 7.
449 2625 588 2685 εἰσιν]
622 2625 671 2681 Ρ;
705 2624 795 2670 εἰσι
825 2624 983 2682 uulgo.
1118 2624 1236 2682 ZH]
1270 2626 1319 2667 H
1347 2623 1397 2667 in
1427 2635 1513 2667 ras.
1548 2621 1602 2666 V.
1725 2625 1767 2666 8.
1800 2623 1877 2677 ἴση

186 2685 240 2731 δέ
268 2713 322 2719 -
349 2692 390 2732 9.
425 2682 571 2744 ἐστιν]
604 2700 697 2743 mg.
731 2699 791 2728 m.
817 2689 843 2728 2
876 2682 914 2727 B
948 2680 1095 2740 (ἐστι).
1205 2685 1278 2739 ἴση
1312 2681 1365 2727 δὲ
1399 2678 1428 2738 ἡ
1461 2684 1560 2726 ΑΗ
1586 2682 1642 2738 τῇ
1678 2681 1798 2739 ΗΔ]
1830 2680 1878 2725 in

185 2760 379 2863 ffilz]
414 2745 586 2861 pff
610 2742 1113 2858 gpi’pvmffiffhvffl
1134 2747 1186 2858 ζ’,
1213 2739 1690 2856 ἕῖῗιῗνωιῗιῗ
1721 2743 1879 2843 Ἓξ..-

187 2878 280 2907 σων
312 2864 401 2920 Fp.
536 2868 603 2908 10.
639 2859 786 2922 ἐστίν]
818 2860 921 2915 PF3
954 2875 1043 2907 om.
1078 2860 1217 2918 BVp.
1363 2856 1414 2919 ἡ]
1449 2873 1591 2917 supra.
1621 2873 1682 2902 m.
1710 2863 1734 2902 l
1766 2859 1815 2902 P.

189 2928 257 2967 11.
305 2921 418 2967 Post
457 2919 592 2974 ἐκτός
632 2922 736 2967 add.
779 2921 862 2978 τῆς
899 2917 1021 2965 κατὰ
1053 2917 1106 2964 τὸ
1139 2925 1174 2963 Α
1207 2919 1424 2977 συναφῆς
1456 2919 1618 2963 Theon
1651 2916 1876 2975 (BFVp)‚
